3322 5190
600 339 773 382 ΕΡΙΒΊΙΟΙιΑΙ]
797 341 953 384 emmas.
1334 340 1371 385 lx

183 473 323 558 αἰνεῑσθαι
353 493 383 555 in
404 492 533 552 Romana
560 486 688 548 editione
716 489 823 568 quippe
855 490 1023 552 fidelissime
1052 493 1231 573 archetypon
1260 503 1372 569 secuta,

185 618 252 662 nam
268 596 366 658 VatB
391 578 506 675 ὠῖρίῖαν
526 577 665 647 ἀνεῖσθαι
688 590 798 652 scribit.
843 591 955 652 Eodem
977 592 1042 653 loco
1065 595 1160 655 uach
1188 603 1217 656 et
1236 596 1318 656 Rom.
1343 593 1374 656 δὲ

184 694 265 772 οΙιιος
286 698 362 759 male
388 686 555 776 separatum
576 690 721 752 exhibent.
767 693 840 769 Sed,
870 695 948 772 quod
969 695 1084 774 gravius
1113 705 1172 770 est,
1202 696 1279 758 idem
1300 697 1374 758 liber

185 798 457 884 praestantissimus
478 793 578 858 Vatb
603 792 685 874 (cum
707 796 875 874 apographo
895 815 949 856 suo
971 797 1080 876 lugd
1103 798 1181 875 quod
1203 797 1293 860 miror
1314 818 1374 860 non

187 921 253 965 esse
276 895 518 976 animadversum)
540 895 570 956 in
592 901 671 954 textu
686 893 769 956 Nem.
785 895 820 956 ΙΙ.
843 882 972 975 affl
989 887 1128 958 ἀνεῖσθαι
1144 899 1243 960 babet.
1280 900 1375 970 Quae-

187 1005 260 1066 ritur
282 1002 370 1080 igitur
388 1009 486 1061 utrum
498 996 640 1058 Pindarus
658 999 776 1054 νεῖσθαι
797 1017 834 1058 an
853 986 994 1058 ἀνεῖσθαι
1012 1000 1108 1060 dicere
1126 1000 1258 1062 voluerit.
1291 1001 1375 1062 Prius

189 1105 293 1184 reliqui
314 1103 380 1164 libri
401 1105 548 1180 quotquot·
566 1097 675 1159 contub
698 1105 727 1158 et
747 1097 817 1159 boni
840 1097 869 1161 dt
890 1101 959 1162 mali
981 1108 1147 1180 praestant,
1175 1102 1311 1181 idemque
1333 1103 1376 1164 di-

191 1214 268 1270 serte
290 1205 424 1298 agnoscit
441 1199 612 1264 Eustatbius
634 1199 664 1260 in
687 1199 752 1260 loco
780 1201 816 1260 ab
839 1202 950 1280 Hepnio
970 1203 1101 1265 laudato:
1129 1207 1249 1264 νεῖσθαι
1270 1194 1291 1281 ἢ
1315 1208 1375 1265 ust-

189 1289 279 1370 rear]
327 1306 382 1368 Alii
410 1303 474 1366 aliis
503 1301 598 1363 verbis
625 1300 804 1376 Scboliastae
831 1310 967 1378 utuntur,
1003 1323 1037 1364 ex
1063 1304 1168 1382 quibus
1196 1301 1376 1381 πορεύεσθαι

191 1408 329 1495 (Didymi,
350 1406 462 1486 credo)
485 1405 548 1466 voci
571 1406 691 1462 νεῖσθαι
714 1403 838 1464 maxime
861 1405 1010 1481 convenit,
1034 1407 1086 1467 sed
1106 1409 1291 1482 Aristarchus
1313 1404 1378 1468 ἐσέ-

186 1536 248 1599 χειν
271 1512 341 1592 (vel,
361 1509 386 1571 si
401 1509 463 1569 Vat.
479 1508 510 1581 C,
529 1505 647 1566 Caesb
669 1504 752 1583 sequi
772 1505 878 1580 mavis,
908 1498 1036 1585 ἐσάγειν)
1062 1509 1172 1584 reddit,
1201 1509 1373 1571 Pindarum-

103 1661 105 1664 ·
187 1616 244 1701 que
262 1619 320 1680 boo
345 1615 410 1676 loco
432 1605 741 1671 Orionem-Pleiadum
766 1614 940 1668 sectatorem
962 1611 1070 1687 fingere
1093 1610 1178 1686 dicit,
1205 1629 1295 1688 quum
1316 1609 1372 1671 alio

186 1724 253 1785 loco
274 1737 337 1781 rem
359 1712 517 1778 inverterit.
563 1707 616 1772 Cui
641 1709 873 1796 interpretationi
896 1710 1019 1790 simplex
1041 1717 1161 1772 νεῖσθαι
1182 1713 1200 1773 Ι
1225 1732 1249 1773 e.
1274 1712 1374 1788 „ince-

186 1827 277 1886 dere“
302 1821 377 1896 „iter
399 1817 514 1876 lacere“
537 1798 634 1874 minus
652 1817 752 1891 aptum
775 1818 820 1870 est
842 1828 930 1887 quam
953 1803 1110 1889 ἀνεῖσθαι,
1134 1813 1193 1875 sive
1217 1813 1305 1893 (quod
1326 1833 1375 1875 ve·

188 1925 300 1988 natoris
316 1922 369 2001 est)
392 1916 491 1978 missis
505 1913 627 1975 habenis
648 1912 717 1973 ferri
741 1911 998 1993 („nacbhetzen“),
1021 1915 1080 1976 sive
1099 1934 1216 1976 sursum
1234 1917 1374 1978 emissum

188 2045 255 2088 esse
274 2025 304 2086 iu
324 2021 446 2090 coelum,
471 2025 567 2079 ortum
582 2033 648 2076 esse
671 2013 757 2093 (pone
769 2014 910 2094 Pleiadas)
934 2015 1120 2077 intellexeris.
1152 2016 1211 2077 lam
1228 2017 1285 2077 boc
1305 2017 1375 2078 dicit

188 2135 290 2208 poeta:
321 2126 358 2187 Ut
381 2126 610 2218 consentaneum
638 2123 683 2176 est
705 2122 773 2195 post
795 2115 927 2178 Pletadas
949 2136 1017 2178 mox
1035 2118 1175 2180 Orionem
1199 2119 1230 2179 iu
1261 2117 1375 2180 coelum

189 2229 310 2291 missum
332 2227 383 2300 iri,
406 2224 445 2284 ita
467 2228 535 2301 post
554 2225 666 2297 septem
687 2217 823 2278 victorias
843 2237 859 2278 e
881 2219 957 2281 saltu
978 2219 1122 2282 Nemeaeo
1140 2227 1303 2300 reportatas
1325 2239 1376 2299 ap-

188 2330 302 2412 parebit
321 2327 376 2418 alia
391 2323 509 2388 victoria
523 2321 633 2382 ludicra
656 2319 810 2399 gloriosior
831 2321 926 2392 ctiam,
946 2329 1083 2400 tanquam
1105 2321 1186 2383 sidus
1207 2322 1303 2383 sidcre
1321 2322 1377 2382 sul-

189 2431 313 2512 gentius.
358 2430 437 2491 Haec
464 2425 560 2502 imago
585 2422 713 2484 siderum
742 2422 864 2492 aliorum
888 2430 957 2502 post
981 2423 1035 2484 alia
1050 2423 1278 2486 escendentium
1305 2443 1376 2486 voce

189 2526 329 2594 civetates
352 2529 449 2594 addita
472 2524 637 2587 distinctior
656 2524 757 2585 evadit.

274 2650 354 2712 Nem.
371 2648 421 2723 ΙΙΙ,
438 2641 604 2708 75τ-130,
640 2641 850 2704 A'l'ricliniana
870 2643 982 2704 ratione
1004 2631 1029 2721 (ὁ
1047 2634 1159 2724 μαιιρὸς
1174 2637 1270 2726 αι’ών),
1291 2663 1378 2724 quam

190 2752 258 2814 olim
277 2749 439 2830 probabas,
465 2746 642 2809 dissentiens
664 2763 732 2806 oum
754 2745 803 2805 Er.
827 2745 976 2806 Schmidio
1000 2738 1025 2825 (ὁ
1041 2738 1153 2819 θνατὸς
1170 2741 1273 2825 αἰών),
1304 2747 1378 2808 Her-

192 2871 307 2926 manno,
331 2850 456 2928 Bergkio
473 2849 558 2909 lacio.
595 2847 703 2907 Nititur
719 2846 794 2906 enim
815 2846 929 2923 vulgata
943 2847 1090 2908 Romanae
1110 2867 1170 2910 non
1190 2849 1284 2911 solum
1304 2849 1379 2928 opti-

190 2972 305 3014 morum
335 2952 468 3013 codicum
492 2948 569 3029 (Vat.
589 2948 622 3022 B,
650 2950 722 3026 Aug.
741 2948 796 3024 G),
827 2947 879 3008 sed
907 2947 992 3008 etiam
1016 2948 1109 3028 ipsius
1133 2950 1293 3012 Aristarchi
1321 2951 1379 3011 llde
1467 2937 1472 2950 ’

192 3045 254 3131 (τὸν
268 3055 326 3114 τῶν
346 3045 519 3130 ἀνθρώπων
533 3049 627 3130 βίον),
651 3049 698 3110 cui
720 3049 878 3128 insequens
901 3050 1088 3130 paraphrasis
1112 3043 1137 3131 (ὁ
1160 3045 1272 3129 θνητὸς
1293 3046 1377 3133 αἰών)

191 3156 372 3237 astipulatur.
417 3155 523 3216 Totum
552 3152 667 3232 pondus
696 3151 726 3212 in
748 3149 901 3231 τέσσαρας,
931 3171 991 3212 non
1014 3151 1043 3212 in
1071 3149 1183 3234 μακρός
1205 3153 1380 3216 collocatum

192 3265 253 3334 est;
277 3257 351 3319 siin
373 3263 506 3334 utroque,
529 3261 655 3316 tumeret
673 3253 775 3314 oratio.
821 3255 894 3314 Tres
910 3261 1019 3316 aetates
1034 3261 1161 3316 statuere
1175 3263 1285 3335 aptum,
1310 3275 1381 3334 qua·

73 3427 80 3436 ,
191 3367 260 3420 tuor
285 3357 442 3419 eiusmodi:
472 3375 604 3436 puer-
626 3355 669 3415 vir
690 3387 732 3398 -
755 3362 850 3415 aetate
872 3362 1027 3433 provectus
1049 3391 1083 3400 —
1110 3375 1213 3432 senex,
1244 3356 1380 3418 artificio-

192 3479 266 3522 sum.
313 3457 401 3520 Scioli
417 3458 549 3530 alicuius,
570 3456 620 3533 qui
639 3463 755 3534 poetam
778 3455 924 3534 corrigere
944 3475 1033 3518 ausus
1053 3465 1108 3532 est,
1129 3459 1251 3520 mutatio
1267 3453 1382 3538 μακρός

192 3562 256 3622 Par.
274 3563 306 3635 A,
329 3559 404 3620 Med.
422 3559 451 3619 B.
467 3543 662 3635 omnibusque
689 3556 873 3636 interpolatis
894 3556 973 3619 illata
1003 3577 1069 3621 esse
1089 3560 1204 3638 videtur
1225 3569 1258 3623 ut
1278 3581 1319 3623 vs.
1339 3561 1381 3624 56

151 3707 156 3718 .
191 3689 234 3716 .--
245 3662 285 3723 97
309 3653 523 3740 ἄγλαόκρανον.

276 3780 377 3841 Paullo
393 3788 461 3860 post
475 3782 536 3842 Tua
554 3778 751 3857 distinguendi
766 3779 840 3840 ratio
854 3798 914 3839 non
930 3779 1140 3858 comprobatur
1154 3782 1272 3861 optimis
1289 3781 1381 3856 libris,

193 3882 244 3943 sed
264 3881 437 3956 Tbierschii,
459 3901 546 3960 quam
570 3881 712 3958 Berghius
733 3881 763 3940 in
786 3881 883 3959 priore
904 3880 1030 3941 editione
1053 3889 1172 3943 secutus
1194 3891 1263 3956 erat,
1288 3901 1383 3962 nuper

193 4003 261 4044 vero
283 3982 393 4058 reiecit,
415 3984 470 4044 ita:
495 3983 596 4058 „blitto
614 3981 667 4042 tibi
687 3981 745 4041 mel
762 3981 838 4041 lacte
861 3989 1064 4060 temperatum,
1085 3982 1230 4044 admixtus
1250 4003 1317 4045 vero
1332 4003 1382 4046 ros

193 4085 284 4147 ambit
309 4093 412 4164 potum
441 4083 550 4164 (huno,
577 4091 609 4145 ut
629 4083 678 4143 Er.
703 4082 832 4164 Schmid.
856 4091 936 4143 recte
955 4080 1079 4161 addidit)
1109 4085 1283 4146 cantabilem
1307 4087 1383 4146 inter

193 4188 280 4248 llattrs
300 4185 468 4248 tibiarum.“
513 4186 576 4246 Hoc
598 4193 750 4266 poetarum
772 4202 854 4246 more
877 4184 986 4246 dictum
1008 4193 1067 4260 est,
1095 4204 1143 4246 me
1166 4188 1283 4265 quidem
1305 4186 1383 4248 arbi-

192 4299 249 4363 tro,
275 4287 394 4367 optime.
438 4286 630 4366 Appositione
657 4292 755 4345 autem
778 4303 853 4363 quac
876 4286 940 4347 Tibi
960 4287 1095 4367 placebat
1115 4309 1219 4350 vereor
1235 4304 1273 4349 ue
1295 4288 1382 4350 nimis

193 4390 377 4469 discerpatur
399 4388 501 4450 oratio.
547 4386 730 4448 Oxonienses
754 4387 890 4462 editores,
912 4389 961 4466 qui
975 4399 1043 4469 post
1059 4382 1183 4470 γάλακτι
1196 4390 1291 4472 plene,
1316 4397 1384 4470 post

192 4481 330 4569 ἀοίδιμον
351 4499 494 4552 commate
515 4487 742 4570 distinguebant,
762 4490 1165 4576 praeixerantltloscbopulus
1187 4490 1383 4558 etTn'clinius
