3322 5190
596 352 728 394 sonorus
751 349 911 392 crassam
932 351 975 391 ao
997 350 1047 392 on.
1062 351 1096 390 xr
1113 329 1151 410 (x)

288 416 660 436 m

1420 455 1448 481 n.

669 527 722 594 ντὶ
736 532 796 593 τοῦ
818 529 856 593 ἐν
872 528 1001 614 ἐνέδρᾳ.
1038 529 1187 593 ἐνταῦθα
1206 525 1271 612 γὰρ
1295 527 1373 592 ε’όοί-
1411 489 1460 532 '⁰¹⁸'

485 658 592 725 μασεν
608 636 757 725 [αὐτοὺς]
774 659 807 702 π.
825 637 880 702 ε’πί
894 659 922 700 τ.
935 636 1105 720 Ἰσθμικόν
1123 635 1276 721 [ἀγῶνα]

302 786 353 839 246
381 785 458 850 rofa-2
485 777 518 830 Μ.
535 771 594 852 (u),
611 779 672 839 ιιι,
688 779 765 833 3-8
779 773 812 828 Μ.
830 768 888 849 (A),
908 780 987 843 rosq.
1003 771 1062 837 Th„
1081 777 1218 844 aa—ma,
1236 771 1297 832 all.
1315 767 1372 846 (A).

528 890 664 975 Αὐγέαν
681 894 743 955 Vct.
759 894 792 955 B.
810 895 891 956 Caes.
907 893 941 954 A.

423 1027 428 1042 ·
528 999 659 1085 Αὐγέας
674 1005 722 1064 ild.

529 1109 660 1193 Αὐγέας
673 1114 722 1173 iid.

529 1221 677 1304 φνκτέον
691 1223 790 1282 iidem.

480 1399 485 1408 ¹
523 1327 785 1414 Ἀμαραγκείόης
853 1353 855 1360 ·
1422 1343 1455 1394 56

529 1443 621 1503 vara
635 1436 792 1510 Φυκτέως
804 1434 877 1518 ἀγλ.
904 1437 1018 1500 CaesA
1033 1433 1185 1509 Φνκτεός
1198 1430 1265 1519 όρχ.
1278 1431 1373 1517 όνόρ.

529 1545 736 1631 παραφραζει
762 1543 799 1608 τό
826 1541 1018 1629 Ὁμηρικόν·
1052 1547 1219 1628 κρείσσων
1252 1546 1313 1608 Vct.
1340 1545 1373 1607 B.
1422 1563 1454 1612 47

487 1663 550 1722 lere
568 1661 607 1720 id.
625 1660 706 1720 Caes.
723 1661 756 1718 A.
1362 1645 1364 1654 ’

304 1821 353 1869 247
386 1817 413 1866 17
426 1832 463 1882 sq.
529 1780 605 1866 τὴν]
632 1784 700 1844 τῶν
718 1779 1006 1864 νεωνροίφωνλαῐ.
1026 1780 1059 1842 B.
1096 1777 1375 1863 τὴνγεωγροίφον
1423 1813 1454 1862 51

489 1897 571 1956 Caes.
590 1895 623 1955 A.
1069 1918 1073 1926 v
1436 1923 1448 1930 -

315 2082 349 2090 ,
410 2051 440 2099 13
531 2016 689 2092 σταδίους
705 2027 793 2098 τρεῖς
813 2019 875 2079 Vnt.
893 2018 925 2078 B.
966 2015 1123 2089 σταόίους
1138 2013 1169 2077 τ’
1189 2016 1271 2078 Caes.
1290 2013 1354 2096 A.¹)

306 2179 356 2228 248
411 2177 439 2226 Π
489 2153 548 2214 'lr.,
570 2155 629 2213 249,
646 2155 765 2212 22—25‚
784 2156 895 2210 25—29
910 2156 1057 2221 utrumque
1073 2150 1121 2203 Th.

317 2331 348 2342 ,
411 2301 441 2350 12
531 2266 570 2331 τό
594 2269 631 2332 Ab
653 2269 853 2351 [σταθμᾶτο]
878 2263 954 2329 ἀντὶ
971 2269 1032 2328 τοῦ
1051 2264 1214 2347 διεμέτρει
1230 2261 1286 2328 καὶ
1302 2264 1377 2346 ἐμέ·
1424 2298 1456 2349 53

491 2381 590 2463 ριζεν.
625 2372 661 2461 [ἢ
678 2388 919 2459 κατεμετρεῖτο,
944 2374 1193 2471 κατεσκερλαζεν.
1223 2371 1374 2448 ἄλσος...
1402 2383 1408 2388 “

491 2489 521 2551 εί
540 2487 597 2550 καὶ
613 2485 714 2564 ψιλόν
729 2488 793 2568 εἴη]
812 2486 919 2549 ἐκεῖσε
934 2481 1044 2567 φυτόν
1060 2486 1130 2566 (sio).

317 2671 349 2678 -
412 2635 442 2685 17
533 2609 571 2676 τό
589 2612 626 2676 (lb
647 2611 747 2694 πατρί
766 2614 909 2695 μεγίστῳ
932 2609 1077 2693 [παίξας]
1101 2607 1254 2673 incisori
1274 2607 1378 2692 πήξας
1424 2661 1456 2671 -

491 2721 547 2787 καὶ
570 2717 825 2806 περικνκλοίσας
847 2716 885 2783 τό
909 2717 1010 2794 ίίλσος
1038 2716 1094 2782 καὶ
1120 2721 1323 2802 περιορίσας.
1355 2712 1378 2800 οἳ

493 2830 690 2917 [περιπήξας
705 2830 753 2911 ol,

318 2988 350 2996 -
411 2955 445 3006 30
535 2939 804 3004 inmutataaVat.
820 2942 853 3002 B.
883 2936 1060 3020 ἀπωκίσθη
1076 2942 1157 3003 Caes.
1173 2941 1207 3002 A.
1309 2941 1312 2946 ’
1425 2951 1458 3002 55

317 3096 351 3106 -
412 3063 445 3114 32
535 3048 721 3123 Πισαιοίτας
738 3053 799 3112 Vel..
815 3052 848 3111 B.
882 3047 1044 3121 Πισιοίτας
1063 3050 1144 3111 Gaea.
1160 3049 1193 3112 A.

310 3177 361 3228 249
421 3172 437 3222 9
532 3157 697 3241 Ἀλφειοῦ.
728 3155 870 3242 Ἀλφειῷ
886 3155 923 3219 όὲ
940 3153 1074 3229 εἰκότως
1425 3168 1459 3220 58

319 3313 353 3322 -
415 3282 476 3385 11Ι
537 3266 734 3349 ἐπωνόμασέ
745 3289 780 3330 τε
795 3270 858 3330 Vat.
874 3270 907 3330 B.
924 3270 1006 3330 Caes.
1021 3269 1054 3328 A.

319 3423 354 3431 -
415 3392 476 3460 ιιι
535 3375 698 3461 ὄμβροις]
720 3371 777 3451 “Ag
794 3373 961 3458 Οἰνόμαος
981 3364 1071 3458 ἆρχε.
1106 3373 1258 3458 βρέχετο,
1281 3396 1378 3438 τουτ-

364 3565 383 3628 ¹)
402 3567 421 3615 i.
441 3582 465 3614 e.
484 3565 672 3630 τριακοσίους.
709 3563 763 3614 Sed
780 3569 870 3630 τρεῖς,
896 3563 967 3627 quod
985 3579 1040 3613 non
1058 3562 1145 3612 solum
1163 3562 1193 3610 in
1210 3563 1272 3612 Vat.
1292 3565 1314 3613 B
1333 3564 1381 3614 sed
1400 3565 1484 3616 etiam

295 3653 324 3702 in
341 3650 454 3701 Vrat.A
474 3646 545 3713 (249,
564 3649 590 3708 4)
608 3647 724 3712 legitur,
744 3640 771 3698 r'
790 3665 823 3698 ex
842 3640 866 3698 τ’
887 3652 975 3698 ortum
994 3663 1055 3696 csse
1073 3647 1251 3696 demonstrat.
1287 3647 1486 3714 comprobatur

295 3737 336 3785 ita
355 3751 389 3785 oa
408 3749 490 3799 quam
506 3729 648 3784 Bbckhius
665 3732 835 3796 propositam
853 3731 953 3780 reiecit
971 3731 1138 3779 coniectura.
1175 3730 1245 3780 Nam
1256 3729 1369 3781 Scholia
1387 3733 1483 3783 Vat.B

297 3824 325 3869 et
342 3817 455 3868 Vrat.A
472 3815 655 3867 vetustissimi
678 3829 744 3878 qnos
764 3815 872 3878 quidem
890 3814 1023 3864 habemus
1041 3828 1130 3862 rerum
1148 3813 1359 3865 Pindaricamm
1383 3818 1483 3866 fontes.

296 3904 389 3952 Pisam
408 3903 495 3966 igitur
512 3899 593 3948 tribus
606 3898 704 3947 stadiis
717 3897 846 3963 Olympia
865 3898 990 3948 abluisse
1008 3897 1286 3964 locupletissimorum
1298 3901 1408 3948 testium
1422 3916 1485 3950 con·

297 4001 380 4035 sensu
408 3988 535 4034 constare
558 3982 679 4041 videtur,
708 3998 873 4047 quamquam
900 3998 950 4032 sero
972 3982 1123 4032 stadiorum
1146 3983 1322 4033 intervallum
1346 3984 1402 4034 alio
1425 3984 1485 4034 loco

298 4067 367 4132 (248,
379 4065 422 4130 30)
441 4067 469 4114 in
488 4067 611 4116 omnibus
629 4065 709 4114 libris
728 4071 778 4115 est.
810 4066 864 4115 Sed
881 4071 911 4114 ut
929 4065 1009 4116 Caes.
1028 4066 1051 4114 A
1068 4066 1109 4114 ibi
1127 4056 1155 4121 ς’
1174 4065 1285 4129 scribit,
1305 4067 1346 4116 ita
1365 4067 1485 4117 fortasse

299 4152 477 4214 archetypum
496 4151 554 4198 eius
574 4141 598 4196 τ’
616 4135 755 4198 habebat.¹
779 4149 1000 4214 „Geographus“
1019 4153 1047 4198 et
1064 4148 1230 4212 „trecenta“
1249 4148 1302 4213 (ita
1314 4151 1398 4199 etiam
1408 4151 1484 4201 Rom.

299 4253 333 4287 ex
350 4235 414 4284 Vat.
427 4233 452 4281 D
472 4232 552 4282 credo
570 4233 641 4280 unde
659 4237 766 4296 partem
785 4247 893 4282 suorum
911 4233 1004 4282 hausit
1023 4232 1186 4299 Calliergcs)
1205 4233 1297 4282 stadia
1316 4234 1432 4284 fortasse
1453 4251 1486 4284 cx

297 4321 393 4384 inepta
406 4316 548 4367 Strabonis
566 4316 757 4365 recordatione
775 4317 804 4366 in
822 4317 1143 4366 recentiusScholiorum
1162 4332 1261 4381 corpus
1280 4317 1365 4380 (Gott.
1378 4319 1442 4368 Par.
1452 4319 1484 4369 A.

297 4403 362 4455 Vat.
384 4403 419 4450 D.
443 4398 523 4452 Caes.
545 4398 624 4449 Aal.
644 4397 696 4462 al.)
720 4399 902 4464 irrepserunt,
930 4415 994 4450 nam
1017 4401 1137 4466 genuina
1162 4399 1299 4463 Didymae
1323 4400 1486 4452 Strabonem

298 4499 354 4536 non
375 4487 595 4534 commemorant.
690 4515 694 4526 .
