3322 5190
546 383 548 388 ,
599 334 775 380 errsroaae
801 336 956 380 ceruleae.
1043 385 1046 394 ,
1115 345 1117 350 ·
1271 328 1371 388 xxvu
1472 337 1477 344 ·

181 487 211 546 in
234 485 313 546 Vrat.
336 486 359 545 Α
383 493 412 544 et
435 486 495 545 Vat.
519 483 542 544 B
565 501 600 544 ru
618 484 743 548 Atticum
767 484 884 563 saepius
905 482 1051 547 invenitur
1073 499 1161 560 quam
1183 497 1236 558 σσ,
1266 481 1370 544 sedin

184 586 267 648 Caes.
289 587 321 660 Α,
346 585 423 646 Gott.
446 601 482 644 ou
504 584 686 664 frequentius
707 603 794 664 quam
816 606 864 660 rr,
891 601 1068 662 quamquam
1095 583 1190 646 neutri
1217 583 1272 644 sibi
1301 601 1371 644 con·

183 694 271 748 stant.
299 721 332 732 -
361 686 392 748 Si
414 704 472 765 quo
494 695 627 766 tempore
641 687 716 750 istae
731 686 875 748 formulae
888 685 1021 748 invectae
1035 693 1136 746 esseut
1152 683 1261 746 certius
1283 683 1372 744 scire·

182 800 258 863 mus,
281 788 318 850 ad
340 795 465 850 aetatem
489 788 625 850 Germani
647 787 848 850 coniecturam
870 787 939 848 inde
953 787 1049 850 lacere
1068 786 1178 852 liceret.

268 906 351 977 Quae
376 910 569 967 Christianum
598 907 746 968 hominem
770 905 888 984 sapiunt
910 923 970 967 non
996 903 1087 966 multa
1109 911 1193 978 sunt,
1224 911 1257 964 ut
1281 896 1371 982 duap-

182 1003 391 1087 ενχαριστήρια
418 1008 513 1088 (dona)
536 1027 565 1088 p.
589 1008 640 1082 59,
664 1008 722 1084 243
751 998 787 1065 τοὶ
808 996 883 1065 κοιναὶ
902 999 1014 1083 κόσμον
1034 996 1145 1085 τερπνὰ
1170 1003 1260 1083 (bona
1286 1008 1372 1064 ultan·

182 1110 274 1184 dana)
296 1129 324 1190 p.
348 1108 420 1184 251,
441 1110 496 1185 15;
517 1105 775 1188 ταπεινοφροσύνῃ
790 1129 816 1168 v.
834 1107 911 1183 245,
933 1111 981 1170 10.
1016 1107 1078 1168 Alia
1101 1107 1235 1185 ambigua
1256 1113 1325 1166 suut
1341 1112 1373 1165 ut

183 1231 211 1292 p.
232 1209 302 1286 284,
322 1212 353 1270 ΙΙ
379 1201 399 1286 ἡ
417 1203 543 1288 δύναμις
558 1209 617 1270 cciv
633 1211 716 1272 θεῶν
730 1199 797 1268 ἀντὶ
813 1209 866 1268 τοῦ
887 1199 1005 1283 buada,
1032 1227 1100 1270 nam
1122 1227 1188 1270 cum
1212 1207 1315 1268 eadem
1335 1205 1374 1266 sit

183 1311 280 1389 glossa
312 1311 375 1372 llat.
399 1312 438 1386 G,
475 1331 535 1372 non
561 1310 697 1372 videntur
724 1329 791 1371 esse
814 1308 967 1386 Germani;
995 1329 1023 1390 p.
1046 1309 1123 1386 332,
1146 1311 1186 1372 33
1215 1307 1373 1386 ἐκοίμησαν

183 1404 277 1489 αὐτὴν
292 1409 325 1472 ἐν
339 1411 447 1496 ξυλίνῳ
468 1406 622 1490 οἰκήματι,
642 1411 720 1490 quod
743 1419 840 1472 utrum
863 1411 1026 1473 Germanus
1046 1422 1215 1473 straverunt
1233 1430 1270 1471 an
1292 1429 1374 1486 sepe-

183 1519 307 1574 liverunt
327 1533 393 1575 esse
415 1513 539 1574 voluerit
560 1513 676 1576 haereo.
712 1513 825 1573 Morum
847 1513 1193 1584 severitatemnonnulla
1215 1512 1374 1574 ostendunt

182 1624 217 1676 ut
245 1633 319 1694 quae
349 1615 386 1676 de
411 1609 592 1692 βακχεύμασι
622 1615 752 1693 loquitur
773 1615 808 1674 ad
832 1613 910 1691 215,
931 1615 987 1690 32,
1016 1618 1054 1677 de
1075 1615 1258 1677 convivarum
1280 1611 1373 1676 canti-

183 1717 258 1778 lenis
281 1715 317 1777 ad
340 1715 390 1790 27,
413 1716 448 1790 7,
470 1715 535 1777 alia.
579 1715 739 1794 aliquoties
761 1724 877 1795 poetam
897 1735 1014 1796 quoque
1033 1725 1083 1778 aut
1104 1717 1204 1777 laudat
1225 1723 1276 1776 aut
1296 1715 1370 1774 ritu·

183 1827 276 1900 perat.
305 1853 347 1864 -
383 1817 528 1890 Nonnulla
556 1825 669 1890 lamen,
695 1835 770 1895 quae
797 1818 874 1878 inter
901 1817 974 1879 haec
1002 1819 1198 1880 additamenta
1226 1818 1371 1894 leguntur,

182 1921 337 1981 manifesto
366 1919 473 2000 pagani
500 1920 653 1999 scriptoris
681 1927 764 1989 sunt,
798 1927 831 1980 ut
847 1907 932 1998 ¹(puae
960 1920 997 1980 de
1024 1937 1181 2000 puerorum
1200 1937 1309 1992 amore
1336 1917 1371 1976 ad

181 2041 214 2102 p.
234 2021 303 2093 190,
325 2021 364 2082 25
388 2019 564 2082 adiiciuntur
582 2013 629 2079 ’ὅτι
645 2011 799 2080 ἀνάκειται
819 2022 862 2104 api
876 2019 951 2098 Zapd
969 2011 989 2096 ἡ
1005 2022 1065 2081 τῶν
1080 2020 1195 2081 παίδων
1216 2013 1293 2098 ἥβης
1317 2019 1372 2079 alia

184 2123 271 2182 dubia
292 2132 324 2183 ut
345 2139 418 2200 quac
440 2122 476 2192 de
498 2121 608 2183 Achille
625 2122 662 2182 ad
684 2143 713 2202 p.
729 2121 798 2198 189,
814 2122 843 2183 6.
889 2123 947 2184 Sed
969 2141 1035 2184 cum
1058 2123 1134 2184 inter
1149 2142 1182 2183 ea
1204 2139 1278 2201 quae
1301 2121 1372 2180 Ger·

182 2224 262 2284 mani
287 2231 356 2284 sunt
377 2223 464 2284 etiam
493 2223 608 2302 singula
636 2222 792 2285 vetustiora
818 2224 940 2285 inveniri
967 2233 1196 2286 consentaneum
1218 2224 1270 2299 sit,
1302 2221 1373 2283 nihil

185 2325 255 2385 certi
276 2325 343 2386 inde
365 2324 461 2403 colligi
482 2332 589 2404 potest.

272 2447 409 2503 Germani
427 2461 532 2502 nomen
549 2443 657 2524 hishis
679 2443 804 2519 Scholiis
826 2445 985 2523 praefixum
1004 2445 1110 2523 legitur
1132 2445 1177 2525 (ad
1196 2443 1241 2505 Ol.
1262 2443 1283 2518 l,
1303 2445 1321 2504 7
1344 2453 1374 2504 et

186 2543 208 2618 Ι,
229 2543 308 2622 165),
331 2543 387 2603 οΙΙο
409 2543 475 2604 loco
499 2543 544 2623 (ad
558 2543 639 2622 Pyth.
657 2543 706 2620 ΙΙΙ,
722 2544 769 2624 10)
791 2539 824 2605 τὸ
838 2536 986 2623 ἡμέτερον.
1033 2545 1117 2616 Qarod
1139 2565 1173 2607 ex
1196 2565 1252 2607 usu
1268 2563 1374 2606 recen-

186 2645 293 2705 tiorum
315 2644 507 2724 interpretum
528 2651 559 2706 ut
579 2645 721 2722 Thomae,
745 2647 875 2708 'lriclinii
897 2648 1006 2709 lactum
1028 2655 1087 2723 est,
1116 2649 1164 2726 qui
1186 2647 1288 2728 primis
1312 2655 1374 2706 tan-

185 2756 246 2807 tum
264 2745 390 2808 Scholiis
412 2765 465 2808 sua
484 2746 602 2808 nomina
620 2747 835 2824 adscriberent,
858 2749 887 2809 in
905 2749 1025 2828 reliquis
1043 2741 1183 2829 ἡμέτερον
1204 2748 1302 2810 addito
1322 2765 1374 2809 sua

186 2846 298 2927 passim
321 2846 499 2927 aprion'bus
514 2848 736 2926 distinguerent,
760 2849 884 2929 plurima
906 2869 973 2910 vero
996 2851 1115 2913 omnino
1137 2851 1373 2928 consignarent.

187 2949 259 3019 Quis
281 2947 330 3009 ille
343 2948 505 3010 Germanus
528 2949 625 3025 luerit,
649 2967 708 3028 quo
726 2957 858 3031 tempore
877 2952 987 3027 vixerit,
1011 2951 1075 3012 vide
1099 2961 1131 3014 ut
1151 2953 1297 3033 reperias;
1320 2969 1374 3029 ego

186 3050 258 3112 nihil
295 3051 419 3111 allirmo.
474 3052 647 3132 Complures
680 3052 757 3112 enim
787 3053 922 3114 Germani
955 3055 1088 3130 luerunt,
1121 3073 1244 3131 quorum
1277 3053 1375 3114 nudus

188 3153 336 3230 (quantum
360 3169 395 3212 ex
416 3151 550 3214 Fabricio
571 3152 710 3233 intelligo)
740 3161 879 3234 tanquam
900 3156 1118 3218 Pindaricorum
1146 3144 1306 3218 carminum
1330 3157 1375 3216 in-

188 3261 302 3332 terpres
323 3252 467 3314 inclaruit.
512 3254 622 3315 Tamen
644 3274 717 3336 pace
741 3256 803 3318 Tua
826 3258 1003 3318 mentionem
1027 3258 1211 3319 Patriarchae
1232 3259 1375 3320 Constan-

187 3354 370 3434 tinopolitani
392 3354 511 3415 iniicere
527 3354 622 3431 liceat,
641 3358 690 3434 qui
708 3357 785 3418 inter
802 3358 914 3436 primos
933 3359 1060 3432 Graecae
1074 3359 1224 3422 Ecclesiae
1243 3359 1375 3422 melodos

188 3455 247 3515 sire
269 3455 505 3535 hymnographus
534 3456 589 3516 luit
612 3464 641 3516 et
661 3476 738 3519 anno
762 3460 823 3518 740
845 3478 935 3520 senex
957 3459 1034 3520 diem
1053 3460 1133 3522 obiit.
1177 3461 1249 3522 Erat
1268 3461 1317 3522 ille
1333 3461 1377 3521 vir

188 3575 321 3618 summus
347 3556 424 3617 inter
445 3556 604 3618 acerrimos
630 3557 790 3636 imaginum
812 3567 1001 3640 veterumque
1023 3562 1186 3625 studiorum
1208 3581 1376 3644 propugna-

187 3665 281 3731 tores,
311 3675 407 3734 neque
428 3657 571 3748 absonum
597 3668 642 3720 est
662 3660 806 3722 coniicere
831 3681 898 3722 eum
927 3661 963 3723 ad
984 3663 1078 3725 instar
1101 3664 1179 3727 illius
1201 3665 1267 3726 lstri
1290 3662 1375 3726 Galli-

58 3823 69 3836 ·
187 3758 302 3819 machoi
324 3777 383 3818 non
403 3758 498 3820 solum
516 3759 613 3840 ipsum
630 3769 747 3841 poetam
769 3763 865 3842 egisse
888 3764 940 3825 sed
962 3765 1048 3826 etiam
1068 3766 1098 3826 in
1116 3767 1262 3828 veteribus
1281 3765 1375 3844 poetis

188 3857 368 3920 illustrandis
398 3859 574 3923 elaborasse.
621 3863 704 3933 Quod
734 3866 867 3941 quamvis
895 3866 1035 3928 historiae
1056 3866 1205 3928 literarum
1234 3867 1376 3946 prodesse

189 3967 276 4038 atque
301 3959 519 4023 obscurissimis
544 3965 726 4043 temporibus
755 3964 831 4025 lucis
862 3965 969 4044 aliquid
995 3967 1147 4028 ollundere
1170 3968 1279 4048 possit,
1309 3987 1376 4030 oum

189 4059 309 4139 Lyricos
329 4061 436 4124 Sacros
452 4082 517 4126 cum
530 4065 663 4127 Prolanis
680 4065 894 4144 quodammodo
914 4075 1078 4143 connectat,
1101 4077 1198 4130 murco
1219 4088 1273 4148 pro
1296 4078 1376 4131 certo

190 4169 276 4240 atque
305 4172 455 4242 comperto
484 4159 651 4228 asseverare
672 4165 873 4229 hariolationis
900 4169 947 4228 sit.
991 4169 1092 4247 Neque
1119 4170 1154 4231 ad
1179 4190 1283 4232 manus
1305 4171 1376 4232 mihi

190 4263 389 4343 suutsoripta
411 4264 489 4326 illius
511 4266 712 4344 Patriarchae,
737 4268 813 4329 unde
835 4269 1032 4332 coniecturam
1056 4271 1130 4333 tucri
1152 4272 1274 4352 possim.
1319 4271 1376 4333 Oc-

191 4363 281 4426 currit
298 4364 416 4443 quidem
434 4366 517 4428 locus
541 4368 670 4446 aequalis
692 4369 911 4452 hymnographi
932 4373 1065 4436 Andreae
1085 4373 1250 4448 Cretensis,
1276 4373 1324 4451 qui
1346 4374 1376 4434 in

190 4463 308 4526 homilia
335 4467 412 4546 apud
435 4467 599 4532 Fabricium
626 4471 702 4552 typis
729 4489 867 4553 expressa
897 4473 963 4554 (ΙΙΙ,
985 4475 1035 4555 93)
1058 4466 1148 4554 κόρος
1167 4465 1239 4555 γὰρ,
1271 4474 1376 4554 inquit,
