<?xml version="1.0" encoding="UTF-8"?>
<!DOCTYPE html PUBLIC "-//W3C//DTD XHTML 1.0 Transitional//EN"
    "http://www.w3.org/TR/xhtml1/DTD/xhtml1-transitional.dtd">
<html xmlns="http://www.w3.org/1999/xhtml" xml:lang="en" lang="en">
 <head>
  <title>
</title>
<meta http-equiv="Content-Type" content="text/html;charset=utf-8" />
  <meta name='ocr-system' content='tesseract 3.04.00' />
  <meta name='ocr-capabilities' content='ocr_page ocr_carea ocr_par ocr_line ocrx_word'/>
</head>
<body>
  <div class='ocr_page' id='page_1' title='image "./scholiainpindar00germgoog_0089.png"; bbox 0 0 3322 5190; ppageno 0'>
   <div class='ocr_carea' id='block_1_1' title="bbox 586 325 1153 406">
    <p class='ocr_par' dir='ltr' id='par_1_1' title="bbox 586 325 1153 406">
     <span class='ocr_line' id='line_1_1' title="bbox 586 325 1153 406; baseline -0.014 -14"><span class='ocrx_word' id='word_1_1' title='bbox 586 349 720 392; x_wconf 62' lang='lat' dir='ltr'><strong>senone</strong></span> <span class='ocrx_word' id='word_1_2' title='bbox 742 347 902 390; x_wconf 69' lang='grc' dir='ltr'><em>ολωειεωι</em></span> <span class='ocrx_word' id='word_1_3' title='bbox 925 348 967 388; x_wconf 69' lang='lat' dir='ltr'><em>An</em></span> <span class='ocrx_word' id='word_1_4' title='bbox 990 325 1153 406; x_wconf 75' lang='lat' dir='ltr'>on.x1(x).</span> 
     </span>
    </p>
   </div>
   <div class='ocr_carea' id='block_1_2' title="bbox 294 453 1451 2902">
    <p class='ocr_par' dir='ltr' id='par_1_2' title="bbox 475 453 1451 1267">
     <span class='ocr_line' id='line_1_2' title="bbox 1411 453 1439 480; baseline 0.071 -2"><span class='ocrx_word' id='word_1_5' title='bbox 1411 453 1439 480; x_wconf 67' lang='lat' dir='ltr'><em>v..</em></span> 
     </span>
     <span class='ocr_line' id='line_1_3' title="bbox 475 487 1451 612; baseline -0.005 -17"><span class='ocrx_word' id='word_1_6' title='bbox 475 531 606 604; x_wconf 80' lang='grc' dir='ltr'><em>ἵπποις·</em></span> <span class='ocrx_word' id='word_1_7' title='bbox 640 525 806 612; x_wconf 76' lang='grc' dir='ltr'><em>[ἐνδόξως</em></span> <span class='ocrx_word' id='word_1_8' title='bbox 827 525 890 607; x_wconf 79' lang='grc' dir='ltr'><em>μὲν</em></span> <span class='ocrx_word' id='word_1_9' title='bbox 910 521 1010 600; x_wconf 81' lang='grc' dir='ltr'><em>αὐτὸς</em></span> <span class='ocrx_word' id='word_1_10' title='bbox 1030 521 1298 607; x_wconf 73' lang='grc' dir='ltr'><em>ἀγωνισάμενος,</em></span> <span class='ocrx_word' id='word_1_11' title='bbox 1326 523 1364 590; x_wconf 84' lang='grc' dir='ltr'><em>τὸ</em></span> <span class='ocrx_word' id='word_1_12' title='bbox 1402 487 1451 530; x_wconf 45' lang='grc' dir='ltr'><strong><em>Μ</em></strong></span> 
     </span>
     <span class='ocr_line' id='line_1_4' title="bbox 476 623 1364 722; baseline -0.006 -20"><span class='ocrx_word' id='word_1_13' title='bbox 476 640 534 722; x_wconf 76' lang='grc' dir='ltr'><em>δὲ]</em></span> <span class='ocrx_word' id='word_1_14' title='bbox 561 639 622 700; x_wconf 85' lang='grc' dir='ltr'><em>τού</em></span> <span class='ocrx_word' id='word_1_15' title='bbox 651 633 946 719; x_wconf 79' lang='grc' dir='ltr'><em>[ἀνταγωνιστοῦ]</em></span> <span class='ocrx_word' id='word_1_16' title='bbox 990 623 1084 716; x_wconf 82' lang='grc' dir='ltr'><em>εὖχος</em></span> <span class='ocrx_word' id='word_1_17' title='bbox 1117 633 1174 697; x_wconf 81' lang='grc' dir='ltr'><em>καὶ</em></span> <span class='ocrx_word' id='word_1_18' title='bbox 1210 634 1364 718; x_wconf 78' lang='grc' dir='ltr'><em>καύχημα</em></span> 
     </span>
     <span class='ocr_line' id='line_1_5' title="bbox 475 738 1403 833; baseline -0.005 -22"><span class='ocrx_word' id='word_1_19' title='bbox 475 743 662 833; x_wconf 74' lang='grc' dir='ltr'><em>[καθελών]</em></span> <span class='ocrx_word' id='word_1_20' title='bbox 676 743 732 808; x_wconf 79' lang='grc' dir='ltr'><em>καί</em></span> <span class='ocrx_word' id='word_1_21' title='bbox 744 741 954 826; x_wconf 75' lang='grc' dir='ltr'><em>καταβαλών.</em></span> <span class='ocrx_word' id='word_1_22' title='bbox 988 738 1125 826; x_wconf 78' lang='grc' dir='ltr'><em>ἥούτω·</em></span> <span class='ocrx_word' id='word_1_23' title='bbox 1149 746 1362 828; x_wconf 85' lang='grc' dir='ltr'><em>πρωταίνιον.</em></span> <span class='ocrx_word' id='word_1_24' title='bbox 1401 753 1403 758; x_wconf 85' lang='grc'><strong>’</strong></span> 
     </span>
     <span class='ocr_line' id='line_1_6' title="bbox 477 849 1363 937; baseline -0.006 -16"><span class='ocrx_word' id='word_1_25' title='bbox 477 857 514 922; x_wconf 85' lang='grc' dir='ltr'><em>ἐκ</em></span> <span class='ocrx_word' id='word_1_26' title='bbox 530 854 591 920; x_wconf 92' lang='grc' dir='ltr'><em>δύο</em></span> <span class='ocrx_word' id='word_1_27' title='bbox 603 853 724 932; x_wconf 81' lang='grc' dir='ltr'><strong><em>λέξεων</em></strong></span> <span class='ocrx_word' id='word_1_28' title='bbox 737 849 1021 934; x_wconf 82' lang='grc' dir='ltr'><em>ταύτοσημύνιων</em></span> <span class='ocrx_word' id='word_1_29' title='bbox 1033 851 1197 935; x_wconf 75' lang='grc' dir='ltr'><strong><em>συνετέθη</em></strong></span> <span class='ocrx_word' id='word_1_30' title='bbox 1208 849 1246 915; x_wconf 83' lang='grc' dir='ltr'><em>τὸ</em></span> <span class='ocrx_word' id='word_1_31' title='bbox 1257 873 1363 937; x_wconf 83' lang='grc' dir='ltr'><em>πρωι-</em></span> 
     </span>
     <span class='ocr_line' id='line_1_7' title="bbox 476 955 1363 1047; baseline -0.008 -17"><span class='ocrx_word' id='word_1_32' title='bbox 476 968 606 1047; x_wconf 88' lang='grc' dir='ltr'><em>αίνιον,</em></span> <span class='ocrx_word' id='word_1_33' title='bbox 626 964 740 1028; x_wconf 81' lang='grc' dir='ltr'><em>ἑανοῦ</em></span> <span class='ocrx_word' id='word_1_34' title='bbox 754 965 885 1046; x_wconf 78' lang='grc' dir='ltr'><em>πρῶτος</em></span> <span class='ocrx_word' id='word_1_35' title='bbox 900 960 957 1025; x_wconf 81' lang='grc' dir='ltr'><em>καὶ</em></span> <span class='ocrx_word' id='word_1_36' title='bbox 972 963 1037 1025; x_wconf 82' lang='grc' dir='ltr'><em>τοῦ</em></span> <span class='ocrx_word' id='word_1_37' title='bbox 1051 955 1154 1036; x_wconf 84' lang='grc' dir='ltr'><em>αἶνος.</em></span> <span class='ocrx_word' id='word_1_38' title='bbox 1191 955 1285 1036; x_wconf 78' lang='grc' dir='ltr'><em>αἶνος</em></span> <span class='ocrx_word' id='word_1_39' title='bbox 1298 960 1363 1046; x_wconf 76' lang='grc' dir='ltr'><em>γάρ</em></span> 
     </span>
     <span class='ocr_line' id='line_1_8' title="bbox 478 1067 1364 1158; baseline -0.005 -20"><span class='ocrx_word' id='word_1_40' title='bbox 478 1075 547 1139; x_wconf 84' lang='grc' dir='ltr'><em>ἐστι</em></span> <span class='ocrx_word' id='word_1_41' title='bbox 583 1075 717 1158; x_wconf 76' lang='grc' dir='ltr'><em>πρῶτον</em></span> <span class='ocrx_word' id='word_1_42' title='bbox 749 1069 805 1134; x_wconf 83' lang='grc' dir='ltr'><em>καλ</em></span> <span class='ocrx_word' id='word_1_43' title='bbox 834 1069 990 1153; x_wconf 85' lang='grc' dir='ltr'><em>μέγιστον</em></span> <span class='ocrx_word' id='word_1_44' title='bbox 1018 1072 1087 1134; x_wconf 77' lang='grc' dir='ltr'><em>νύν</em></span> <span class='ocrx_word' id='word_1_45' title='bbox 1118 1067 1203 1135; x_wconf 79' lang='grc' dir='ltr'><em>κατὰ</em></span> <span class='ocrx_word' id='word_1_46' title='bbox 1236 1069 1364 1153; x_wconf 84' lang='grc' dir='ltr'><strong><em>κόσμον</em></strong></span> 
     </span>
     <span class='ocr_line' id='line_1_9' title="bbox 476 1169 911 1267; baseline -0.005 -20"><span class='ocrx_word' id='word_1_47' title='bbox 476 1185 641 1267; x_wconf 77' lang='grc' dir='ltr'><em>τερπνῶν.</em></span> <span class='ocrx_word' id='word_1_48' title='bbox 653 1183 675 1266; x_wconf 90' lang='lat'><em>¹)</em></span> <span class='ocrx_word' id='word_1_49' title='bbox 909 1169 911 1172; x_wconf 41' lang='grc'><strong>’</strong></span> 
     </span>
    </p>

    <p class='ocr_par' dir='ltr' id='par_1_3' title="bbox 476 1282 1383 1594">
     <span class='ocr_line' id='line_1_10' title="bbox 519 1282 1383 1376; baseline -0.002 -22"><span class='ocrx_word' id='word_1_50' title='bbox 519 1295 557 1373; x_wconf 83' lang='lat' dir='ltr'><em>gl.</em></span> <span class='ocrx_word' id='word_1_51' title='bbox 580 1292 699 1355; x_wconf 88' lang='lat' dir='ltr'><strong>Leid.B</strong></span> <span class='ocrx_word' id='word_1_52' title='bbox 719 1291 879 1376; x_wconf 83' lang='grc' dir='ltr'><em>χείρεσσι]</em></span> <span class='ocrx_word' id='word_1_53' title='bbox 902 1298 1048 1371; x_wconf 79' lang='grc' dir='ltr'><em>πυγμαῖς</em></span> <span class='ocrx_word' id='word_1_54' title='bbox 1067 1282 1089 1370; x_wconf 75' lang='grc' dir='ltr'><strong><em>ἢ</em></strong></span> <span class='ocrx_word' id='word_1_55' title='bbox 1111 1287 1323 1352; x_wconf 85' lang='grc' dir='ltr'><em>δισκεύσεσιν</em></span> <span class='ocrx_word' id='word_1_56' title='bbox 1342 1283 1383 1372; x_wconf 58' lang='lat' dir='ltr'><em>eff</em></span> 
     </span>
     <span class='ocr_line' id='line_1_11' title="bbox 476 1397 1369 1483; baseline -0.001 -18"><span class='ocrx_word' id='word_1_57' title='bbox 476 1399 640 1476; x_wconf 82' lang='grc' dir='ltr'><em>τοιούτοις</em></span> <span class='ocrx_word' id='word_1_58' title='bbox 660 1401 758 1463; x_wconf 85' lang='grc' dir='ltr'><em>τισίν.</em></span> <span class='ocrx_word' id='word_1_59' title='bbox 803 1400 983 1481; x_wconf 82' lang='lat' dir='ltr'><strong>(Moschop.)</strong></span> <span class='ocrx_word' id='word_1_60' title='bbox 1012 1401 1051 1462; x_wconf 90' lang='lat' dir='ltr'><em>ib.</em></span> <span class='ocrx_word' id='word_1_61' title='bbox 1074 1400 1194 1482; x_wconf 88' lang='grc' dir='ltr'><em>ποσίν]</em></span> <span class='ocrx_word' id='word_1_62' title='bbox 1218 1397 1369 1483; x_wconf 83' lang='grc' dir='ltr'><em>δρόμοις.Ι</em></span> 
     </span>
     <span class='ocr_line' id='line_1_12' title="bbox 478 1512 648 1594; baseline -0.018 -19"><span class='ocrx_word' id='word_1_63' title='bbox 478 1512 648 1594; x_wconf 84' lang='lat' dir='ltr'>(Moschop.)</span> 
     </span>
    </p>

    <p class='ocr_par' dir='ltr' id='par_1_4' title="bbox 294 1612 1362 1702">
     <span class='ocr_line' id='line_1_13' title="bbox 294 1612 1362 1702; baseline -0.01 -11"><span class='ocrx_word' id='word_1_64' title='bbox 294 1643 342 1693; x_wconf 81' lang='lat'><em>251</em></span> <span class='ocrx_word' id='word_1_65' title='bbox 398 1637 429 1690; x_wconf 83' lang='lat'><em>17</em></span> <span class='ocrx_word' id='word_1_66' title='bbox 517 1617 677 1702; x_wconf 75' lang='grc' dir='ltr'><em>Ἀγρίνιον</em></span> <span class='ocrx_word' id='word_1_67' title='bbox 688 1619 726 1682; x_wconf 88' lang='grc' dir='ltr'><em>έν</em></span> <span class='ocrx_word' id='word_1_68' title='bbox 737 1616 818 1702; x_wconf 82' lang='grc' dir='ltr'><em>δόξα</em></span> <span class='ocrx_word' id='word_1_69' title='bbox 828 1616 979 1699; x_wconf 88' lang='grc' dir='ltr'><em>θέμενος.</em></span> <span class='ocrx_word' id='word_1_70' title='bbox 998 1612 1244 1701; x_wconf 82' lang='grc' dir='ltr'><em>τόύπέρβατον,</em></span> <span class='ocrx_word' id='word_1_71' title='bbox 1259 1619 1362 1680; x_wconf 80' lang='lat' dir='ltr'><strong>Vetss.</strong></span> 
     </span>
    </p>

    <p class='ocr_par' dir='ltr' id='par_1_5' title="bbox 306 1715 1252 1814">
     <span class='ocr_line' id='line_1_14' title="bbox 306 1715 1252 1814; baseline -0.004 -20"><span class='ocrx_word' id='word_1_72' title='bbox 306 1811 307 1814; x_wconf 8' lang='grc' dir='ltr'><strong>Ἴ</strong></span> <span class='ocrx_word' id='word_1_73' title='bbox 474 1728 635 1812; x_wconf 74' lang='grc' dir='ltr'><em>Ἀγρίνιον</em></span> <span class='ocrx_word' id='word_1_74' title='bbox 651 1715 755 1809; x_wconf 81' lang='grc' dir='ltr'><em>εὖχος.</em></span> <span class='ocrx_word' id='word_1_75' title='bbox 788 1729 886 1789; x_wconf 85' lang='grc' dir='ltr'><em>τοῦτο</em></span> <span class='ocrx_word' id='word_1_76' title='bbox 901 1721 1101 1809; x_wconf 84' lang='grc' dir='ltr'><em>ύπέρβατον.</em></span> <span class='ocrx_word' id='word_1_77' title='bbox 1121 1729 1203 1790; x_wconf 73' lang='lat' dir='ltr'><strong>(lece.</strong></span> <span class='ocrx_word' id='word_1_78' title='bbox 1219 1728 1252 1790; x_wconf 83' lang='grc' dir='ltr'><em>Α.</em></span> 
     </span>
    </p>

    <p class='ocr_par' dir='ltr' id='par_1_6' title="bbox 302 1829 1364 2030">
     <span class='ocr_line' id='line_1_15' title="bbox 302 1829 1364 1923; baseline 0.003 -27"><span class='ocrx_word' id='word_1_79' title='bbox 302 1887 336 1896; x_wconf 79' lang='grc'>-</span> <span class='ocrx_word' id='word_1_80' title='bbox 372 1857 403 1907; x_wconf 75' lang='lat'><em>20</em></span> <span class='ocrx_word' id='word_1_81' title='bbox 415 1874 445 1923; x_wconf 72' lang='lat' dir='ltr'><em>sq</em></span> <span class='ocrx_word' id='word_1_82' title='bbox 520 1839 604 1901; x_wconf 78' lang='grc' dir='ltr'><em>ἔνιοι</em></span> <span class='ocrx_word' id='word_1_83' title='bbox 618 1836 656 1900; x_wconf 77' lang='grc' dir='ltr'><em>δὲ</em></span> <span class='ocrx_word' id='word_1_84' title='bbox 675 1835 777 1899; x_wconf 81' lang='grc' dir='ltr'><em>παῖδα</em></span> <span class='ocrx_word' id='word_1_85' title='bbox 793 1832 873 1898; x_wconf 76' lang='grc' dir='ltr'><em>ὄντα</em></span> <span class='ocrx_word' id='word_1_86' title='bbox 889 1831 993 1898; x_wconf 83' lang='grc' dir='ltr'><em>αὐτὸν</em></span> <span class='ocrx_word' id='word_1_87' title='bbox 1006 1831 1072 1899; x_wconf 89' lang='grc' dir='ltr'><em>ύπὸ</em></span> <span class='ocrx_word' id='word_1_88' title='bbox 1083 1837 1152 1898; x_wconf 76' lang='grc' dir='ltr'><em>των</em></span> <span class='ocrx_word' id='word_1_89' title='bbox 1163 1829 1364 1899; x_wconf 81' lang='grc' dir='ltr'><em>Ἱπποκοων-</em></span> 
     </span>
     <span class='ocr_line' id='line_1_16' title="bbox 477 1947 1088 2030; baseline -0.003 -19"><span class='ocrx_word' id='word_1_90' title='bbox 477 1947 580 2012; x_wconf 77' lang='grc' dir='ltr'><em>τιδῶν</em></span> <span class='ocrx_word' id='word_1_91' title='bbox 595 1947 812 2030; x_wconf 87' lang='grc' dir='ltr'><em>διείργεσθαι.</em></span> <span class='ocrx_word' id='word_1_92' title='bbox 831 1947 893 2008; x_wconf 86' lang='lat' dir='ltr'><strong>Vat.</strong></span> <span class='ocrx_word' id='word_1_93' title='bbox 909 1948 942 2008; x_wconf 90' lang='lat' dir='ltr'><em>B.</em></span> <span class='ocrx_word' id='word_1_94' title='bbox 959 1947 1043 2007; x_wconf 85' lang='lat' dir='ltr'><strong>Rom.</strong></span> <span class='ocrx_word' id='word_1_95' title='bbox 1086 2005 1088 2009; x_wconf 81' lang='grc'>,</span> 
     </span>
    </p>

    <p class='ocr_par' dir='ltr' id='par_1_7' title="bbox 477 2047 1364 2248">
     <span class='ocr_line' id='line_1_17' title="bbox 520 2047 1364 2120; baseline -0.004 -1"><span class='ocrx_word' id='word_1_96' title='bbox 520 2058 605 2120; x_wconf 79' lang='grc' dir='ltr'><em>ἔνιοι</em></span> <span class='ocrx_word' id='word_1_97' title='bbox 625 2054 729 2119; x_wconf 78' lang='grc' dir='ltr'><em>παῖδα</em></span> <span class='ocrx_word' id='word_1_98' title='bbox 750 2050 831 2116; x_wconf 81' lang='grc' dir='ltr'><em>ὄντα</em></span> <span class='ocrx_word' id='word_1_99' title='bbox 852 2049 956 2117; x_wconf 85' lang='grc' dir='ltr'><em>αὐτὸν</em></span> <span class='ocrx_word' id='word_1_100' title='bbox 970 2049 1036 2116; x_wconf 83' lang='grc' dir='ltr'><em>ὑπὸ</em></span> <span class='ocrx_word' id='word_1_101' title='bbox 1051 2047 1364 2118; x_wconf 77' lang='grc' dir='ltr'><em>τῶνἹπποκοωνιι-</em></span> 
     </span>
     <span class='ocr_line' id='line_1_18' title="bbox 477 2163 1113 2248; baseline -0.006 -18"><span class='ocrx_word' id='word_1_102' title='bbox 477 2167 548 2230; x_wconf 69' lang='grc' dir='ltr'><em>δεῖν</em></span> <span class='ocrx_word' id='word_1_103' title='bbox 562 2163 765 2248; x_wconf 72' lang='grc' dir='ltr'><em>διέρχεσθαι.</em></span> <span class='ocrx_word' id='word_1_104' title='bbox 784 2164 865 2226; x_wconf 82' lang='lat' dir='ltr'><strong>Caes.</strong></span> <span class='ocrx_word' id='word_1_105' title='bbox 880 2165 904 2226; x_wconf 84' lang='grc' dir='ltr'>Α</span> <span class='ocrx_word' id='word_1_106' title='bbox 920 2163 962 2243; x_wconf 85' lang='lat' dir='ltr'><em>(ut</em></span> <span class='ocrx_word' id='word_1_107' title='bbox 975 2165 1053 2226; x_wconf 85' lang='lat' dir='ltr'><strong>Vrat.</strong></span> <span class='ocrx_word' id='word_1_108' title='bbox 1070 2164 1113 2244; x_wconf 88' lang='lat' dir='ltr'><em>D).</em></span> 
     </span>
    </p>

    <p class='ocr_par' dir='ltr' id='par_1_8' title="bbox 302 2265 1365 2793">
     <span class='ocr_line' id='line_1_19' title="bbox 302 2265 1363 2356; baseline -0.008 -14"><span class='ocrx_word' id='word_1_109' title='bbox 302 2321 336 2331; x_wconf 84' lang='lat'><em>-</em></span> <span class='ocrx_word' id='word_1_110' title='bbox 397 2290 429 2342; x_wconf 75' lang='grc'><em>34</em></span> <span class='ocrx_word' id='word_1_111' title='bbox 472 2344 474 2350; x_wconf 60' lang='grc'><em>,</em></span> <span class='ocrx_word' id='word_1_112' title='bbox 518 2269 734 2356; x_wconf 82' lang='grc' dir='ltr'><em>ἡγεμονεύων</em></span> <span class='ocrx_word' id='word_1_113' title='bbox 755 2274 938 2345; x_wconf 78' lang='grc' dir='ltr'><em>Λασιύνος.</em></span> <span class='ocrx_word' id='word_1_114' title='bbox 976 2265 1010 2354; x_wconf 85' lang='grc' dir='ltr'><em>[ἡ</em></span> <span class='ocrx_word' id='word_1_115' title='bbox 1029 2269 1065 2334; x_wconf 74' lang='grc' dir='ltr'><em>δέ</em></span> <span class='ocrx_word' id='word_1_116' title='bbox 1083 2292 1151 2352; x_wconf 85' lang='grc' dir='ltr'><em>μετ.</em></span> <span class='ocrx_word' id='word_1_117' title='bbox 1171 2292 1198 2336; x_wconf 82' lang='grc' dir='ltr'><em>τ.</em></span> <span class='ocrx_word' id='word_1_118' title='bbox 1217 2271 1263 2334; x_wconf 85' lang='grc' dir='ltr'><em>έλ.</em></span> <span class='ocrx_word' id='word_1_119' title='bbox 1287 2269 1318 2334; x_wconf 82' lang='grc' dir='ltr'><em>ἆ.</em></span> <span class='ocrx_word' id='word_1_120' title='bbox 1335 2294 1363 2334; x_wconf 88' lang='grc' dir='ltr'><em>τ.</em></span> 
     </span>
     <span class='ocr_line' id='line_1_20' title="bbox 478 2373 1365 2464; baseline -0.002 -18"><span class='ocrx_word' id='word_1_121' title='bbox 478 2383 670 2464; x_wconf 76' lang='grc' dir='ltr'><em>ποιμνίων]</em></span> <span class='ocrx_word' id='word_1_122' title='bbox 693 2377 881 2456; x_wconf 83' lang='grc' dir='ltr'><em>εύθύτονον</em></span> <span class='ocrx_word' id='word_1_123' title='bbox 903 2379 940 2443; x_wconf 77' lang='grc' dir='ltr'><em>δέ</em></span> <span class='ocrx_word' id='word_1_124' title='bbox 962 2378 1115 2464; x_wconf 79' lang='grc' dir='ltr'><em>[στάδιον</em></span> <span class='ocrx_word' id='word_1_125' title='bbox 1136 2373 1221 2463; x_wconf 84' lang='grc' dir='ltr'><em>εἶπε]</em></span> <span class='ocrx_word' id='word_1_126' title='bbox 1249 2377 1306 2443; x_wconf 80' lang='grc' dir='ltr'><em>διὰ</em></span> <span class='ocrx_word' id='word_1_127' title='bbox 1328 2377 1365 2444; x_wconf 84' lang='grc' dir='ltr'><em>τὸ</em></span> 
     </span>
     <span class='ocr_line' id='line_1_21' title="bbox 478 2482 1365 2576; baseline -0.005 -20"><span class='ocrx_word' id='word_1_128' title='bbox 478 2489 598 2576; x_wconf 89' lang='grc' dir='ltr'><em>ὀρθόν·</em></span> <span class='ocrx_word' id='word_1_129' title='bbox 625 2492 806 2575; x_wconf 81' lang='grc' dir='ltr'><em>[τοιοῦτον]</em></span> <span class='ocrx_word' id='word_1_130' title='bbox 830 2486 886 2553; x_wconf 83' lang='grc' dir='ltr'><em>καὶ</em></span> <span class='ocrx_word' id='word_1_131' title='bbox 905 2485 984 2573; x_wconf 77' lang='grc' dir='ltr'><em>[γὰρ</em></span> <span class='ocrx_word' id='word_1_132' title='bbox 1002 2485 1040 2554; x_wconf 85' lang='grc' dir='ltr'><em>τὸ</em></span> <span class='ocrx_word' id='word_1_133' title='bbox 1055 2487 1194 2553; x_wconf 83' lang='grc' dir='ltr'><em>στύδιον</em></span> <span class='ocrx_word' id='word_1_134' title='bbox 1210 2482 1297 2552; x_wconf 81' lang='grc' dir='ltr'><em>εἶναι</em></span> <span class='ocrx_word' id='word_1_135' title='bbox 1311 2488 1365 2552; x_wconf 91' lang='grc' dir='ltr'><em>λέ-</em></span> 
     </span>
     <span class='ocr_line' id='line_1_22' title="bbox 476 2595 1365 2684; baseline -0.004 -19"><span class='ocrx_word' id='word_1_136' title='bbox 476 2603 588 2684; x_wconf 85' lang='grc' dir='ltr'><em>γεται]</em></span> <span class='ocrx_word' id='word_1_137' title='bbox 618 2597 777 2682; x_wconf 84' lang='grc' dir='ltr'><em>ύκαμπές.</em></span> <span class='ocrx_word' id='word_1_138' title='bbox 825 2595 899 2662; x_wconf 80' lang='grc' dir='ltr'><em>ὁδὲ</em></span> <span class='ocrx_word' id='word_1_139' title='bbox 921 2597 1058 2672; x_wconf 82' lang='grc' dir='ltr'><em>δίαυλος</em></span> <span class='ocrx_word' id='word_1_140' title='bbox 1083 2597 1260 2681; x_wconf 82' lang='grc' dir='ltr'><em>νυσσύδης</em></span> <span class='ocrx_word' id='word_1_141' title='bbox 1282 2595 1365 2662; x_wconf 77' lang='grc' dir='ltr'><em>κατὰ</em></span> 
     </span>
     <span class='ocr_line' id='line_1_23' title="bbox 476 2707 1340 2793; baseline -0.01 -19"><span class='ocrx_word' id='word_1_142' title='bbox 476 2713 558 2793; x_wconf 90' lang='grc' dir='ltr'><em>μίαν</em></span> <span class='ocrx_word' id='word_1_143' title='bbox 576 2707 716 2773; x_wconf 86' lang='grc' dir='ltr'><em>νύσσαν.</em></span> <span class='ocrx_word' id='word_1_144' title='bbox 1337 2717 1340 2724; x_wconf 72' lang='grc'>“</span> 
     </span>
    </p>

    <p class='ocr_par' dir='ltr' id='par_1_9' title="bbox 294 2819 1375 2902">
     <span class='ocr_line' id='line_1_24' title="bbox 294 2819 1375 2902; baseline 0.003 -21"><span class='ocrx_word' id='word_1_145' title='bbox 294 2844 345 2894; x_wconf 77' lang='lat'><em>252</em></span> <span class='ocrx_word' id='word_1_146' title='bbox 370 2842 453 2893; x_wconf 54' lang='grc' dir='ltr'><em>,νς-17</em></span> <span class='ocrx_word' id='word_1_147' title='bbox 476 2828 509 2883; x_wconf 90' lang='grc' dir='ltr'><em>Μ.</em></span> <span class='ocrx_word' id='word_1_148' title='bbox 528 2822 586 2902; x_wconf 76' lang='grc' dir='ltr'><strong>(Μ),</strong></span> <span class='ocrx_word' id='word_1_149' title='bbox 605 2833 666 2892; x_wconf 76' lang='lat'><strong>253,</strong></span> <span class='ocrx_word' id='word_1_150' title='bbox 680 2831 715 2884; x_wconf 74' lang='lat'><em>24</em></span> <span class='ocrx_word' id='word_1_151' title='bbox 728 2824 766 2898; x_wconf 82' lang='lat' dir='ltr'><em>gl.</em></span> <span class='ocrx_word' id='word_1_152' title='bbox 780 2825 863 2881; x_wconf 84' lang='lat' dir='ltr'><strong>Mose.</strong></span> <span class='ocrx_word' id='word_1_153' title='bbox 881 2825 900 2880; x_wconf 90' lang='lat' dir='ltr'>B</span> <span class='ocrx_word' id='word_1_154' title='bbox 915 2841 976 2880; x_wconf 86' lang='lat' dir='ltr'><em>cum</em></span> <span class='ocrx_word' id='word_1_155' title='bbox 994 2841 1073 2880; x_wconf 85' lang='lat' dir='ltr'><strong>cruce</strong></span> <span class='ocrx_word' id='word_1_156' title='bbox 1088 2819 1139 2900; x_wconf 79' lang='lat' dir='ltr'>(M.)</span> <span class='ocrx_word' id='word_1_157' title='bbox 1159 2823 1194 2880; x_wconf 83' lang='lat' dir='ltr'><em>cf.</em></span> <span class='ocrx_word' id='word_1_158' title='bbox 1214 2831 1274 2890; x_wconf 74' lang='lat'><em>252,</em></span> <span class='ocrx_word' id='word_1_159' title='bbox 1292 2831 1332 2884; x_wconf 76' lang='lat'><em>12.</em></span> <span class='ocrx_word' id='word_1_160' title='bbox 1373 2888 1375 2892; x_wconf 66' lang='grc'>,</span> 
     </span>
    </p>
   </div>
   <div class='ocr_carea' id='block_1_3' title="bbox 302 2940 1442 4126">
    <p class='ocr_par' dir='ltr' id='par_1_10' title="bbox 302 2940 1365 3119">
     <span class='ocr_line' id='line_1_25' title="bbox 302 2940 1365 3029; baseline 0.002 -23"><span class='ocrx_word' id='word_1_161' title='bbox 302 2997 336 3006; x_wconf 82' lang='grc'>-</span> <span class='ocrx_word' id='word_1_162' title='bbox 408 2967 417 3015; x_wconf 88' lang='lat'><em>1</em></span> <span class='ocrx_word' id='word_1_163' title='bbox 519 2941 555 3020; x_wconf 83' lang='grc' dir='ltr'><em>ὃς</em></span> <span class='ocrx_word' id='word_1_164' title='bbox 573 2948 642 3027; x_wconf 81' lang='lat' dir='ltr'>(non</span> <span class='ocrx_word' id='word_1_165' title='bbox 658 2942 747 3029; x_wconf 85' lang='grc' dir='ltr'><em>ὅσον)</em></span> <span class='ocrx_word' id='word_1_166' title='bbox 764 2947 825 3008; x_wconf 85' lang='lat' dir='ltr'><strong>Vat.</strong></span> <span class='ocrx_word' id='word_1_167' title='bbox 842 2949 874 3008; x_wconf 79' lang='lat' dir='ltr'><em>B.</em></span> <span class='ocrx_word' id='word_1_168' title='bbox 894 2947 1015 3009; x_wconf 70' lang='lat' dir='ltr'><strong>CaeeA</strong></span> <span class='ocrx_word' id='word_1_169' title='bbox 1052 2943 1164 3026; x_wconf 85' lang='grc' dir='ltr'><em>θέσιν]</em></span> <span class='ocrx_word' id='word_1_170' title='bbox 1188 2940 1244 3007; x_wconf 81' lang='grc' dir='ltr'><em>καὶ</em></span> <span class='ocrx_word' id='word_1_171' title='bbox 1265 2943 1365 3008; x_wconf 86' lang='grc' dir='ltr'><em>δίαυ-</em></span> 
     </span>
     <span class='ocr_line' id='line_1_26' title="bbox 476 3055 820 3119; baseline -0.006 -1"><span class='ocrx_word' id='word_1_172' title='bbox 476 3059 538 3119; x_wconf 94' lang='grc' dir='ltr'><em>λον</em></span> <span class='ocrx_word' id='word_1_173' title='bbox 554 3058 616 3118; x_wconf 82' lang='lat' dir='ltr'><strong>Vat.</strong></span> <span class='ocrx_word' id='word_1_174' title='bbox 634 3057 667 3118; x_wconf 90' lang='lat' dir='ltr'><em>B.</em></span> <span class='ocrx_word' id='word_1_175' title='bbox 689 3055 771 3118; x_wconf 82' lang='lat' dir='ltr'><strong>Caes.</strong></span> <span class='ocrx_word' id='word_1_176' title='bbox 787 3057 820 3117; x_wconf 84' lang='grc' dir='ltr'><em>Α.</em></span> 
     </span>
    </p>

    <p class='ocr_par' dir='ltr' id='par_1_11' title="bbox 305 3157 1366 3794">
     <span class='ocr_line' id='line_1_27' title="bbox 305 3157 1366 3246; baseline 0.002 -22"><span class='ocrx_word' id='word_1_177' title='bbox 305 3213 333 3224; x_wconf 89' lang='lat'><em>..</em></span> <span class='ocrx_word' id='word_1_178' title='bbox 406 3185 417 3233; x_wconf 92' lang='lat'>1</span> <span class='ocrx_word' id='word_1_179' title='bbox 520 3163 680 3246; x_wconf 78' lang='grc' dir='ltr'><em>ἐνίκησε]</em></span> <span class='ocrx_word' id='word_1_180' title='bbox 702 3159 740 3226; x_wconf 79' lang='grc' dir='ltr'><em>νδ</em></span> <span class='ocrx_word' id='word_1_181' title='bbox 764 3162 801 3226; x_wconf 83' lang='grc' dir='ltr'><em>δὲ</em></span> <span class='ocrx_word' id='word_1_182' title='bbox 822 3170 864 3244; x_wconf 55' lang='lat' dir='ltr'><em>i,</em></span> <span class='ocrx_word' id='word_1_183' title='bbox 896 3161 946 3225; x_wconf 83' lang='grc' dir='ltr'><em>ὅτι</em></span> <span class='ocrx_word' id='word_1_184' title='bbox 967 3157 1095 3238; x_wconf 88' lang='grc' dir='ltr'><em>Οίωνός</em></span> <span class='ocrx_word' id='word_1_185' title='bbox 1114 3161 1366 3246; x_wconf 86' lang='grc' dir='ltr'><em>προηγούμενος</em></span> 
     </span>
     <span class='ocr_line' id='line_1_28' title="bbox 476 3263 1365 3357; baseline -0.002 -19"><span class='ocrx_word' id='word_1_186' title='bbox 476 3263 594 3357; x_wconf 81' lang='grc' dir='ltr'><em>ἦλθεν.</em></span> <span class='ocrx_word' id='word_1_187' title='bbox 627 3275 696 3337; x_wconf 80' lang='grc' dir='ltr'><em>ἔστι</em></span> <span class='ocrx_word' id='word_1_188' title='bbox 711 3272 749 3338; x_wconf 80' lang='grc' dir='ltr'><em>δὲ</em></span> <span class='ocrx_word' id='word_1_189' title='bbox 764 3269 870 3354; x_wconf 79' lang='grc' dir='ltr'><em>ὄνομα</em></span> <span class='ocrx_word' id='word_1_190' title='bbox 885 3271 1005 3354; x_wconf 90' lang='grc' dir='ltr'><em>κύριον</em></span> <span class='ocrx_word' id='word_1_191' title='bbox 1019 3269 1147 3347; x_wconf 83' lang='grc' dir='ltr'><em>Οίωνός</em></span> <span class='ocrx_word' id='word_1_192' title='bbox 1161 3268 1227 3336; x_wconf 84' lang='grc' dir='ltr'><em>ἀπὸ</em></span> <span class='ocrx_word' id='word_1_193' title='bbox 1236 3271 1365 3350; x_wconf 81' lang='grc' dir='ltr'><em>Μιδέας</em></span> 
     </span>
     <span class='ocr_line' id='line_1_29' title="bbox 479 3379 1365 3466; baseline -0.001 -20"><span class='ocrx_word' id='word_1_194' title='bbox 479 3387 533 3462; x_wconf 80' lang='lat' dir='ltr'><strong>(vel</strong></span> <span class='ocrx_word' id='word_1_195' title='bbox 547 3383 694 3466; x_wconf 86' lang='grc' dir='ltr'><em>Μηδέας)</em></span> <span class='ocrx_word' id='word_1_196' title='bbox 714 3382 855 3457; x_wconf 91' lang='grc' dir='ltr'><em>πόλεως·</em></span> <span class='ocrx_word' id='word_1_197' title='bbox 879 3379 917 3446; x_wconf 85' lang='grc' dir='ltr'><em>τὸ</em></span> <span class='ocrx_word' id='word_1_198' title='bbox 933 3382 970 3446; x_wconf 76' lang='grc' dir='ltr'><em>δὲ</em></span> <span class='ocrx_word' id='word_1_199' title='bbox 985 3383 1198 3465; x_wconf 57' lang='grc' dir='ltr'><em>Μαδέαθενῖ)</em></span> <span class='ocrx_word' id='word_1_200' title='bbox 1216 3379 1291 3446; x_wconf 79' lang='grc' dir='ltr'><em>ἀντὶ</em></span> <span class='ocrx_word' id='word_1_201' title='bbox 1305 3385 1365 3460; x_wconf 83' lang='grc' dir='ltr'><em>τοῦ</em></span> 
     </span>
     <span class='ocr_line' id='line_1_30' title="bbox 478 3489 1362 3576; baseline 0 -20"><span class='ocrx_word' id='word_1_202' title='bbox 478 3495 524 3568; x_wconf 90' lang='grc' dir='ltr'><em>είς</em></span> <span class='ocrx_word' id='word_1_203' title='bbox 541 3489 604 3576; x_wconf 78' lang='grc' dir='ltr'><em>τήν</em></span> <span class='ocrx_word' id='word_1_204' title='bbox 619 3492 772 3576; x_wconf 84' lang='grc' dir='ltr'><em>Μηδέαν.</em></span> <span class='ocrx_word' id='word_1_205' title='bbox 810 3492 931 3576; x_wconf 86' lang='grc' dir='ltr'><em>Μηδέα</em></span> <span class='ocrx_word' id='word_1_206' title='bbox 947 3493 985 3556; x_wconf 93' lang='grc' dir='ltr'><em>δέ</em></span> <span class='ocrx_word' id='word_1_207' title='bbox 1008 3492 1078 3556; x_wconf 82' lang='grc' dir='ltr'><em>ἐστι</em></span> <span class='ocrx_word' id='word_1_208' title='bbox 1098 3492 1194 3567; x_wconf 81' lang='grc' dir='ltr'><em>πόλις</em></span> <span class='ocrx_word' id='word_1_209' title='bbox 1210 3489 1362 3575; x_wconf 70' lang='grc' dir='ltr'><em>Ἄργους.</em></span> 
     </span>
     <span class='ocr_line' id='line_1_31' title="bbox 477 3598 1364 3686; baseline 0.002 -22"><span class='ocrx_word' id='word_1_210' title='bbox 477 3600 631 3684; x_wconf 81' lang='grc' dir='ltr'><em>στρατόν.</em></span> <span class='ocrx_word' id='word_1_211' title='bbox 668 3599 729 3666; x_wconf 81' lang='grc' dir='ltr'><em>τὸν</em></span> <span class='ocrx_word' id='word_1_212' title='bbox 746 3599 859 3677; x_wconf 76' lang='grc' dir='ltr'><em>ἁπλῶς</em></span> <span class='ocrx_word' id='word_1_213' title='bbox 875 3603 984 3685; x_wconf 77' lang='grc' dir='ltr'><em>δῆμον</em></span> <span class='ocrx_word' id='word_1_214' title='bbox 1003 3599 1146 3686; x_wconf 84' lang='grc' dir='ltr'><em>στρατὸν</em></span> <span class='ocrx_word' id='word_1_215' title='bbox 1160 3601 1248 3686; x_wconf 90' lang='grc' dir='ltr'><em>λέγει</em></span> <span class='ocrx_word' id='word_1_216' title='bbox 1265 3598 1283 3666; x_wconf 87' lang='grc' dir='ltr'>ὁ</span> <span class='ocrx_word' id='word_1_217' title='bbox 1298 3605 1364 3667; x_wconf 83' lang='grc' dir='ltr'><em>νῦν</em></span> 
     </span>
     <span class='ocr_line' id='line_1_32' title="bbox 476 3691 1333 3794; baseline 0 -20"><span class='ocrx_word' id='word_1_218' title='bbox 476 3709 623 3794; x_wconf 81' lang='grc' dir='ltr'><em>ποιητής.</em></span> <span class='ocrx_word' id='word_1_219' title='bbox 707 3776 710 3781; x_wconf 69' lang='grc'><strong>,</strong></span> <span class='ocrx_word' id='word_1_220' title='bbox 975 3691 977 3696; x_wconf 38' lang='grc'><strong>’</strong></span> <span class='ocrx_word' id='word_1_221' title='bbox 1331 3718 1333 3723; x_wconf 83' lang='grc'><strong>’</strong></span> 
     </span>
    </p>

    <p class='ocr_par' dir='ltr' id='par_1_12' title="bbox 517 3814 1361 3904">
     <span class='ocr_line' id='line_1_33' title="bbox 517 3814 1361 3904; baseline 0.004 -20"><span class='ocrx_word' id='word_1_222' title='bbox 517 3823 621 3901; x_wconf 81' lang='lat' dir='ltr'>Aug.B</span> <span class='ocrx_word' id='word_1_223' title='bbox 635 3817 860 3904; x_wconf 78' lang='grc' dir='ltr'><em>στύδιονμέν]</em></span> <span class='ocrx_word' id='word_1_224' title='bbox 877 3821 976 3884; x_wconf 75' lang='grc' dir='ltr'><em>τούτο</em></span> <span class='ocrx_word' id='word_1_225' title='bbox 990 3814 1034 3895; x_wconf 74' lang='grc' dir='ltr'><em>ὥς</em></span> <span class='ocrx_word' id='word_1_226' title='bbox 1049 3815 1115 3884; x_wconf 82' lang='grc' dir='ltr'><em>ἀπὸ</em></span> <span class='ocrx_word' id='word_1_227' title='bbox 1125 3823 1361 3886; x_wconf 71' lang='grc' dir='ltr'><em>ιωνΜουσοῐν.</em></span> 
     </span>
    </p>

    <p class='ocr_par' dir='ltr' id='par_1_13' title="bbox 477 3933 1178 4014">
     <span class='ocr_line' id='line_1_34' title="bbox 477 3933 1178 4014; baseline 0.001 -20"><span class='ocrx_word' id='word_1_228' title='bbox 477 3933 590 4014; x_wconf 85' lang='lat' dir='ltr'>(Thom.</span> <span class='ocrx_word' id='word_1_229' title='bbox 607 3934 655 4014; x_wconf 82' lang='lat' dir='ltr'><em>M.)</em></span> <span class='ocrx_word' id='word_1_230' title='bbox 1175 3933 1178 3937; x_wconf 79' lang='grc'><strong>’</strong></span> 
     </span>
    </p>

    <p class='ocr_par' dir='ltr' id='par_1_14' title="bbox 305 4037 1442 4126">
     <span class='ocr_line' id='line_1_35' title="bbox 305 4037 1442 4126; baseline 0.004 -22"><span class='ocrx_word' id='word_1_231' title='bbox 305 4081 333 4092; x_wconf 92' lang='grc'><strong>-</strong></span> <span class='ocrx_word' id='word_1_232' title='bbox 395 4056 428 4104; x_wconf 74' lang='lat'><em>24</em></span> <span class='ocrx_word' id='word_1_233' title='bbox 514 4038 569 4104; x_wconf 89' lang='grc' dir='ltr'><em>Ἐν</em></span> <span class='ocrx_word' id='word_1_234' title='bbox 585 4043 613 4124; x_wconf 75' lang='grc' dir='ltr'><em>(λ)</em></span> <span class='ocrx_word' id='word_1_235' title='bbox 627 4041 759 4106; x_wconf 80' lang='grc' dir='ltr'><em>ἵπποισι</em></span> <span class='ocrx_word' id='word_1_236' title='bbox 771 4041 808 4106; x_wconf 79' lang='grc' dir='ltr'><em>δὲ</em></span> <span class='ocrx_word' id='word_1_237' title='bbox 822 4039 977 4125; x_wconf 79' lang='grc' dir='ltr'><em>τέτρασιν</em></span> <span class='ocrx_word' id='word_1_238' title='bbox 988 4041 1145 4126; x_wconf 81' lang='grc' dir='ltr'><em>ἐνίκησεν</em></span> <span class='ocrx_word' id='word_1_239' title='bbox 1160 4037 1363 4108; x_wconf 84' lang='grc' dir='ltr'><em>ὁύπδΜαν-</em></span> <span class='ocrx_word' id='word_1_240' title='bbox 1409 4062 1442 4114; x_wconf 82' lang='grc'><em>83</em></span> 
     </span>
    </p>
   </div>
   <div class='ocr_carea' id='block_1_4' title="bbox 277 4225 1466 4548">
    <p class='ocr_par' dir='ltr' id='par_1_15' title="bbox 277 4225 1466 4548">
     <span class='ocr_line' id='line_1_36' title="bbox 346 4225 1466 4298; baseline 0.002 -18"><span class='ocrx_word' id='word_1_241' title='bbox 346 4228 366 4294; x_wconf 90' lang='lat'><em>¹)</em></span> <span class='ocrx_word' id='word_1_242' title='bbox 385 4227 503 4281; x_wconf 77' lang='lat' dir='ltr'><strong>ans.A</strong></span> <span class='ocrx_word' id='word_1_243' title='bbox 520 4225 615 4294; x_wconf 85' lang='lat' dir='ltr'><strong>(eolus)</strong></span> <span class='ocrx_word' id='word_1_244' title='bbox 633 4230 663 4279; x_wconf 91' lang='lat' dir='ltr'><em>in</em></span> <span class='ocrx_word' id='word_1_245' title='bbox 680 4234 757 4280; x_wconf 85' lang='lat' dir='ltr'><strong>textu</strong></span> <span class='ocrx_word' id='word_1_246' title='bbox 774 4229 962 4296; x_wconf 84' lang='grc' dir='ltr'><em>πρωταίνιον,</em></span> <span class='ocrx_word' id='word_1_247' title='bbox 983 4231 1060 4280; x_wconf 84' lang='lat' dir='ltr'><strong>cuius</strong></span> <span class='ocrx_word' id='word_1_248' title='bbox 1079 4230 1228 4296; x_wconf 80' lang='lat' dir='ltr'>singularis</span> <span class='ocrx_word' id='word_1_249' title='bbox 1246 4233 1399 4298; x_wconf 78' lang='lat' dir='ltr'><strong>scripturae</strong></span> <span class='ocrx_word' id='word_1_250' title='bbox 1412 4233 1466 4284; x_wconf 80' lang='lat' dir='ltr'><strong>ein-</strong></span> 
     </span>
     <span class='ocr_line' id='line_1_37' title="bbox 277 4312 1101 4380; baseline 0.001 -15"><span class='ocrx_word' id='word_1_251' title='bbox 277 4314 400 4380; x_wconf 78' lang='lat' dir='ltr'><strong>gulerem</strong></span> <span class='ocrx_word' id='word_1_252' title='bbox 418 4312 675 4377; x_wconf 77' lang='lat' dir='ltr'><strong>interpretationem</strong></span> <span class='ocrx_word' id='word_1_253' title='bbox 693 4320 860 4365; x_wconf 85' lang='lat' dir='ltr'><strong>commentus</strong></span> <span class='ocrx_word' id='word_1_254' title='bbox 879 4320 921 4365; x_wconf 84' lang='lat' dir='ltr'><em>est</em></span> <span class='ocrx_word' id='word_1_255' title='bbox 940 4314 1101 4366; x_wconf 79' lang='lat' dir='ltr'><strong>Germanus.</strong></span> 
     </span>
     <span class='ocr_line' id='line_1_38' title="bbox 280 4395 1465 4468; baseline 0.005 -22"><span class='ocrx_word' id='word_1_256' title='bbox 280 4435 282 4438; x_wconf 87' lang='lat'>.</span> <span class='ocrx_word' id='word_1_257' title='bbox 344 4397 366 4460; x_wconf 83' lang='lat'><em>²)</em></span> <span class='ocrx_word' id='word_1_258' title='bbox 384 4399 424 4447; x_wconf 93' lang='lat' dir='ltr'><em>Id.</em></span> <span class='ocrx_word' id='word_1_259' title='bbox 449 4395 572 4446; x_wconf 80' lang='lat' dir='ltr'><strong>ane.A</strong></span> <span class='ocrx_word' id='word_1_260' title='bbox 594 4397 624 4446; x_wconf 91' lang='lat' dir='ltr'><em>in</em></span> <span class='ocrx_word' id='word_1_261' title='bbox 646 4401 731 4447; x_wconf 80' lang='lat' dir='ltr'><strong>textu.</strong></span> <span class='ocrx_word' id='word_1_262' title='bbox 772 4399 855 4448; x_wconf 82' lang='lat' dir='ltr'><strong>vitiis</strong></span> <span class='ocrx_word' id='word_1_263' title='bbox 879 4399 1041 4464; x_wconf 79' lang='lat' dir='ltr'><strong>quibusdam</strong></span> <span class='ocrx_word' id='word_1_264' title='bbox 1066 4399 1233 4452; x_wconf 77' lang='lat' dir='ltr'><strong>calamorum</strong></span> <span class='ocrx_word' id='word_1_265' title='bbox 1257 4402 1381 4468; x_wconf 80' lang='lat' dir='ltr'><strong>exeeptis</strong></span> <span class='ocrx_word' id='word_1_266' title='bbox 1399 4401 1465 4453; x_wconf 86' lang='lat' dir='ltr'>libri</span> 
     </span>
     <span class='ocr_line' id='line_1_39' title="bbox 277 4475 757 4548; baseline 0 -16"><span class='ocrx_word' id='word_1_267' title='bbox 277 4495 414 4533; x_wconf 77' lang='lat' dir='ltr'><strong>consensu</strong></span> <span class='ocrx_word' id='word_1_268' title='bbox 431 4475 589 4534; x_wconf 80' lang='grc' dir='ltr'><em>Μιδέαθεν</em></span> <span class='ocrx_word' id='word_1_269' title='bbox 605 4485 757 4548; x_wconf 84' lang='lat' dir='ltr'><strong>praestant.</strong></span> 
     </span>
    </p>
   </div>
   <div class='ocr_carea' id='block_1_5' title="bbox 0 0 1666 5190">
    <p class='ocr_par' dir='ltr' id='par_1_16' title="bbox 0 0 1666 5190">
     <span class='ocr_line' id='line_1_40' title="bbox 0 0 1666 5190; baseline 0 0"><span class='ocrx_word' id='word_1_270' title='bbox 0 0 1666 5190; x_wconf 95' lang='lat' dir='ltr'><em> </em></span> 
     </span>
    </p>
   </div>
  </div>
 </body>
</html>
