3322 5190
295 335 396 378 nxvm
468 391 473 399 ἱ
543 328 551 340 “
714 337 888 378 erroreum
911 337 1067 379 commun,

294 474 393 564 πατὴρ
415 474 538 563 ὕβρεως.
582 484 662 546 Ilaec
685 485 770 545 verba
794 503 861 546 oum
882 493 933 546 aut
953 486 989 546 ad
1005 483 1161 548 Pindarum
1181 477 1237 565 (Ol.
1254 485 1330 560 XIII,
1349 476 1483 547 104-—13

295 585 344 646 ubi
366 585 482 664 quidam
507 577 599 666 ὕβριν
620 581 713 668 κόρου
735 585 903 666 lungebant)
930 595 980 648 aut
1008 587 1045 648 ad
1070 585 1270 664 Theognidem
1300 585 1371 661 (153
1393 587 1484 648 τίκτει

294 705 339 745 τοι
366 680 452 766 κόρος
478 677 581 766 ὕβριν)
616 687 791 749 Solonemve
818 688 971 749 reserenda
999 688 1072 757 sint,
1106 687 1184 749 illius
1212 688 1315 750 aetatis
1336 688 1483 768 ‘illiusque

294 788 428 852 lac-tionis
450 787 668 850 ecclesiasticos
686 796 845 850 aveterum
865 796 1016 870 poetarum
1037 789 1163 851 lectione
1184 807 1244 848 non
1258 788 1369 851 alienos
1391 791 1483 852 luisse

294 889 505 950 demonstrant.
548 889 667 951 Excites
682 909 791 968 quaeso
809 891 938 951 Tuorum
960 890 1011 968 qui
1034 889 1144 952 nostris
1158 889 1251 951 literis
1274 910 1393 971 operam
1413 892 1484 952 dant

294 989 526 1050 commilitonum
546 989 675 1069 aliquem
695 999 729 1052 ut
749 991 823 1051 haec
843 992 965 1070 vestigia
987 998 1189 1071 persequatur.

378 1090 463 1151 Nunc
484 1091 555 1152 mihi
578 1109 634 1168 qua
655 1092 767 1154 ratione
790 1091 820 1152 in
842 1092 889 1154 his
913 1092 1125 1172 supplementis
1148 1079 1332 1154 scholiorum
1360 1093 1482 1156 edendis

294 1199 427 1252 versatus
442 1191 509 1270 sim,
533 1200 668 1272 superest
682 1193 788 1254 dicere.
829 1193 1028 1272 Quaecunque
1045 1213 1103 1255 non
1119 1193 1282 1271 sIguantur‚
1307 1211 1342 1256 ex
1360 1195 1442 1254 Caes.
1459 1197 1482 1276 d

293 1292 466 1372 deprompta
494 1300 571 1354 sunt.
614 1293 804 1373 Simplicihus
825 1295 909 1356 uncis
933 1295 1082 1374 quadratis
1109 1297 1224 1356 seclusa
1246 1295 1375 1373 vulgata,
1397 1296 1482 1357 uncis

293 1412 353 1454 non
370 1393 486 1473 Inclusa
507 1413 590 1469 nova,
610 1395 775 1475 duplicibus
802 1415 867 1457 mea
892 1405 962 1458 sunt
988 1403 1037 1457 eut
1065 1395 1229 1476 supplentis
1257 1405 1308 1488 aut
1334 1397 1482 1475 cumgen-

293 1494 341 1555 tis.
395 1494 477 1566 Quae
505 1514 540 1556 ex
568 1496 712 1558 Vaticanis
740 1497 863 1575 aliisque
892 1497 974 1560 libris
1001 1497 1115 1575 addidi,
1151 1497 1260 1560 diserte
1288 1517 1305 1559 a
1329 1497 1502 1560 Caesarem

295 1595 442 1658 distincte.
479 1596 568 1658 Multa
583 1585 689 1658 tamen
701 1597 797 1659 adhuc
811 1599 841 1658 ln
858 1599 975 1660 schedis
993 1596 1067 1660 meis
1082 1597 1273 1677 relinquenda
1294 1605 1386 1673 erant,
1409 1615 1484 1675 quae

294 1704 327 1757 ut
352 1698 513 1776 proferrem
541 1716 615 1759 nova
640 1699 824 1760 scholiorum
851 1699 978 1762 editione
1006 1719 1080 1780 opus
1107 1707 1195 1761 esset.
1243 1700 1301 1761 Sed
1328 1700 1377 1761 hic
1401 1699 1484 1760 labor

293 1817 354 1858 non
377 1797 464 1860 nulus
487 1799 592 1862 noctis.
622 1801 716 1879 ¹Atqui
738 1800 763 1864 si
785 1801 902 1862 Scholia
925 1820 1041 1880 quoqne
1062 1807 1222 1862 retractare
1244 1808 1393 1880 totamque
1415 1799 1483 1860 Pio·

293 1899 356 1960 dari
381 1918 499 1978 causam
526 1919 666 1980 perorare
692 1902 809 1978 vellem,
843 1903 909 1980 quis
936 1921 1042 1981 aquam
1069 1900 1172 1962 daret?
1214 1903 1299 1964 Nunc
1327 1921 1418 1980 quum
1445 1901 1480 1962 ad

293 2017 357 2060 eam
380 1999 533 2062 dicendam
555 2001 640 2064 binas
663 2003 707 2064 vel
730 2003 860 2082 singulas
884 2002 927 2064 vel
953 2002 1040 2064 etiam
1062 2002 1196 2064 dimidias
1220 2002 1388 2084 clepsydras
1410 2021 1482 2080 quo·

292 2101 362 2162 tidie
387 2101 451 2162 aliis
479 2103 604 2180 negotiis
626 2105 798 2184 surripiam,
828 2125 845 2167 a
870 2113 951 2166 tauto
979 2123 1068 2183 opere
1095 2104 1159 2184 ipse
1187 2104 1480 2186 desistam-oportet.

293 2202 351 2264 Sed
370 2211 435 2264 utut
457 2211 511 2280 est,
531 2204 561 2264 id
580 2205 683 2266 saltem
703 2214 886 2286 compertum
904 2205 1003 2283 haan,
1026 2225 1091 2268 esse
1113 2205 1143 2266 in
1158 2205 1338 2283 antiquitatis
1357 2205 1482 2284 scripto.-

291 2303 373 2365 ribus
389 2305 531 2386 opdmum
554 2307 683 2367 emulum
706 2307 900 2369 humanorum
922 2307 1065 2368 malorum
1085 2306 1229 2368 solatium.
1271 2307 1371 2368 Studia
1394 2306 1481 2383 igitur

292 2405 317 2466 si
339 2424 398 2466 non
421 2405 485 2467 aliis
507 2414 588 2485 grata
611 2413 708 2469 tamen
723 2409 793 2469 milri
809 2409 838 2469 in
855 2409 904 2469 tali
921 2416 1053 2488 tempore
1067 2407 1194 2470 iucunda
1212 2408 1339 2468 luerunt.
1374 2407 1432 2467 Fac
1449 2414 1480 2467 ut

291 2505 396 2568 valeas.
442 2507 502 2569 Nos
524 2507 662 2570 valemus.
705 2511 820 2607 'Scripsi
841 2509 1020 2589 Oldenburgi
1043 2509 1117 2592 prid.
1138 2509 1180 2572 Id.
1198 2508 1270 2569 Oct.
1291 2507 1477 2570 Mucuctx.
1514 2578 1517 2584 Ι
