3322 5190
280 331 304 376 X
693 337 868 380 umerorum
891 338 1047 380 uolumen.

279 486 514 566 interpolatores.
560 487 634 548 Sunt
662 487 738 547 enim
767 487 885 549 codices
911 499 939 548 et
961 487 1062 567 optimi
1092 495 1121 548 et
1143 489 1266 550 maxime
1289 487 1465 568 interpolati,

280 589 327 666 qui
351 589 570 649 accuratissime
592 589 780 667 distinguant.
806 624 841 634 -
866 590 896 650 ln
913 596 1083 651 transcursu
1106 609 1225 662 moneo,
1247 591 1283 650 de
1305 611 1346 650 ve.
1365 591 1404 650 47
1422 611 1464 666 sq.

161 709 170 721 “
278 717 320 745 =
336 690 376 750 82
392 711 433 765 sq.
460 690 488 750 id
510 691 625 768 quidem
648 699 729 752 recte
752 709 786 751 ex
804 689 864 751 Vat.
881 691 903 752 Β
923 692 1145 752 Schneidewino
1171 692 1294 753 relatum
1318 711 1384 754 esse
1408 693 1465 771 legi

278 791 318 851 ibi
339 783 470 869 σαμάτια
559 781 782 870 ἀσθμαίνοντα,
811 793 863 854 sed
884 793 913 854 in
937 793 1066 854 eiusdem
1087 793 1152 854 libn'
1173 793 1309 854 lemmate
1330 785 1391 871 adq
1411 815 1464 874 pro

277 883 358 971 παραὶ
376 893 497 954 inveniri
514 913 573 954 non
595 894 673 954 item.
720 893 801 964 Quae
823 895 967 974 scriptura
988 889 1148 972 σομοῖττα
1171 891 1208 954 δὲ
1227 887 1299 971 πὰρ
1315 895 1465 974 Κρονίδαν

278 1001 371 1056 metro
393 995 510 1056 sufficit.

311 1097 313 1102 ’
362 1098 395 1157 lu
418 1096 535 1156 Scholio
561 1097 597 1156 ad
622 1096 704 1156 Nem.
735 1096 780 1168 lV,
805 1095 842 1154 10
885 1095 960 1157 Med.
988 1097 1010 1156 Β
1039 1098 1151 1177 Toupio
1176 1099 1302 1178 palmam
1331 1098 1464 1160 vindieat.

198 1249 202 1254 .
278 1199 394 1259 Etenim
421 1198 450 1258 in
472 1199 635 1276 fragmento
653 1196 848 1258 Callimacheo
873 1197 963 1278 (121),
986 1199 1034 1258 ubi
1051 1200 1150 1260 Vat.B
1173 1200 1305 1261 lacunam
1330 1199 1466 1291 indicavit

277 1301 316 1360 ita
339 1304 437 1377 χεῖρας
585 1298 650 1368 ἵνα,
679 1298 793 1358 Med.B
815 1304 914 1376 χεῖρας
934 1296 1021 1376 ἐμοῖς.
1066 1298 1117 1358 ἵνα
1140 1308 1268 1381 praestat
1288 1301 1365 1361 idem
1387 1302 1465 1379 quod
1510 1297 1515 1318 '
1555 1364 1557 1370 ,

277 1403 407 1480 Toupius
431 1401 604 1470 coniecerat.
626 1433 662 1444 —
686 1401 779 1462 Alium
803 1401 899 1462 locum
917 1409 1104 1480 corruptum,
1126 1403 1174 1479 qui
1195 1422 1224 1482 p.
1240 1401 1311 1471 452,
1326 1403 1357 1460 ll
1385 1403 1465 1463 'luae
1495 1415 1512 1476 j
1602 1401 1605 1408 '

279 1503 414 1564 editionis
438 1503 559 1582 legitur,
588 1503 696 1580 quique
723 1502 753 1585 in
776 1501 836 1562 Vat.
860 1502 883 1562 B
912 1503 951 1563 ita
973 1503 1076 1562 habet:
1106 1493 1152 1562 ut
1280 1493 1311 1562 τὰ
1334 1496 1465 1578 στάδιον,

279 1605 406 1666 indicata
428 1605 531 1665 lacuna
555 1603 580 1681 (a
604 1603 744 1681 Callierge
766 1621 820 1682 per
841 1593 913 1662 αὐτὸ
935 1603 1010 1664 male
1034 1603 1176 1684 expleta),
1209 1623 1243 1665 ex
1264 1605 1367 1666 eodem
1389 1604 1464 1666 libro

278 1706 407 1767 Mediceo
431 1707 471 1766 ita
491 1706 646 1766 restituere
669 1723 807 1784 possum:
832 1695 877 1764 ut
893 1701 954 1763 καί
974 1695 1014 1762 τὸ
1037 1701 1074 1762 ἕν
1093 1705 1236 1783 Θήβαις
1254 1701 1464 1784 γυμνάσιον

277 1800 335 1866 ἄπ’
353 1801 851 1867 αὖτοῦἸοίοὲειον-καίεῐται
872 1802 934 1864 καὶ
956 1795 971 1863 ὁ
993 1795 1268 1884 ἆγώνἸοίάεια.
1300 1807 1465 1885 Δίδυμος

277 1903 347 1988 γοὶρ
378 1927 495 1986 φησιν
520 1901 680 1987 ἄγεσθαι
697 1902 853 1967 Ἰολάεια
878 1903 915 1965 ἐν
939 1900 1082 1984 Θήβαις
1106 1899 1234 1986 ἀγῶνα
1261 1899 1463 1987 γυμνικὸν,

277 1999 366 2070 αὐτὸ
387 2007 425 2070 δὲ
445 2003 559 2086 μόνον
580 1999 613 2069 cd
632 2003 761 2072 στάδιον.
805 2009 983 2070 Exciderunt
1000 2009 1089 2086 igitur
1106 2008 1198 2068 mullo
1214 2009 1299 2087 plura
1322 2009 1353 2070 in
1367 2011 1463 2070 Vat.B

279 2111 392 2192 (Rom).
419 2147 454 2156 -
479 2111 526 2172 Vs.
547 2111 586 2174 68
609 2107 638 2184 ἐς
652 2105 755 2189 γενεάς
771 2131 822 2168 νιν
842 2110 981 2184 coniicio,
1008 2119 1037 2170 et
1058 2129 1100 2170 vs.
1120 2108 1161 2170 90
1182 2101 1324 2186 ἆείσεται,
1350 2115 1409 2170 παῖ
1412 2157 1420 2186 ,
1447 2102 1463 2170 ὁ
1505 2171 1507 2178 ,

276 2209 335 2286 σός.
356 2220 511 2291 utrumque
533 2213 597 2274 sine
618 2211 709 2273 libris.
918 2216 921 2222 '

361 2331 444 2391 Nem.
459 2331 491 2404 V,
508 2335 547 2392 43
563 2357 607 2385 =
621 2328 660 2389 78
688 2331 716 2390 in
739 2330 804 2392 loco
826 2329 1010 2390 vexatissimo
1035 2329 1069 2388 ad
1098 2321 1343 2414 coniecturarum,
1358 2331 1463 2410 partim
1493 2361 1495 2366 ·

276 2434 492 2512 ingeniosarum
512 2451 647 2493 acervum
667 2451 740 2492 nova
763 2432 876 2492 accedit
893 2432 944 2492 viri
964 2431 1069 2492 summi
1081 2430 1173 2492 Fulvii
1185 2431 1292 2492 Ursini.
1336 2432 1365 2492 ls
1387 2433 1463 2493 enim

277 2555 331 2596 suo
354 2521 511 2613 exemplari
534 2533 668 2594 editionis
690 2534 855 2609 Romanae,
882 2533 990 2612 quoin
1012 2532 1187 2594 bibliotheca
1210 2531 1346 2592 Vaticana
1366 2551 1463 2595 asser-

275 2644 341 2696 vato
360 2635 429 2698 olim
452 2635 562 2695 Romae
586 2635 628 2695 uti
651 2635 772 2707 licebat,
796 2634 952 2714 adscripsit
975 2628 1038 2710 μετ’
1061 2615 1204 2706 ἀίξαντα(
1239 2633 1372 2708 Ursinus,
1396 2653 1463 2696 cum

276 2738 366 2800 multa
399 2756 433 2798 ex
462 2756 516 2796 suo
539 2736 640 2796 codice
668 2735 744 2813 (Vat.
767 2734 806 2814 B)
834 2735 1008 2816 deprompta
1036 2734 1232 2810 adscriberet,
1260 2735 1337 2795 hanc
1365 2743 1463 2797 tamen

276 2839 452 2918 scripturam
476 2838 605 2898 indidem
631 2856 691 2898 non
718 2836 816 2897 hausit
843 2838 893 2897 sed
917 2837 981 2917 ipse
1002 2837 1149 2898 invenisse
1177 2836 1385 2898 existimandus
1408 2846 1462 2899 est.

276 2943 336 3002 lam
366 2939 564 3001 consideranti
588 2938 727 3000 Scholion
758 2945 855 2998 retus:
888 2930 960 3016 μετὰ
986 2929 1022 2997 τὰ
1049 2935 1247 3015 προειρημένα
1273 2935 1341 3016 περί
1368 2936 1461 3018 (codd.

274 3033 345 3120 ὑπὸ)
371 3043 425 3126 σοῦ
441 3038 485 3099 ἔτι
504 3035 554 3098 καὶ
571 3035 618 3098 ἐπὶ
635 3039 687 3097 τοῦ
703 3031 849 3116 παρόντος
871 3058 1012 3119 apparere
1034 3040 1106 3100 mihi
1123 3040 1246 3114 videtur,
1270 3039 1462 3101 Scholiastam

275 3142 414 3230 habuisse
436 3134 509 3219 μετά
530 3149 559 3201 et
577 3157 704 3218 sequens
724 3139 841 3218 aliquod
861 3141 1055 3220 participium,
1078 3133 1141 3217 μετ’
1161 3138 1334 3218 αἰνιχθέντα
1356 3141 1401 3201 vel
1424 3142 1464 3202 si·
1580 3179 1583 3186 .
1650 3133 1651 3140 '

275 3244 344 3304 mile
367 3243 446 3322 quid.
494 3243 530 3304 Ut
551 3243 608 3304 boc
630 3242 795 3316 mittamus,
824 3241 892 3320 quid
915 3240 940 3302 si
968 3241 1065 3320 ipsum
1093 3241 1165 3305 illud
1186 3241 1373 3303 Ursinianum
1396 3236 1461 3319 μετ’

274 3340 400 3418 ἀΐξαντα
424 3342 609 3406 scribamus?
644 3343 704 3404 lam
726 3343 825 3403 κείνου
846 3343 882 3403 ad
903 3342 1022 3403 Peleum
1050 3344 1235 3404 referendum
1258 3351 1318 3417 est,
1347 3344 1377 3404 in
1405 3361 1462 3422 quo

274 3449 365 3508 totius
387 3447 445 3508 loci
465 3447 553 3523 quasi·
565 3446 653 3506 cardo
673 3445 802 3520 vertitur,
826 3455 855 3508 et
872 3442 996 3516 Πυθέας
1018 3463 1084 3505 cum
1108 3441 1237 3520 ,,ἕνίοις“
1262 3443 1329 3524 (quo
1345 3445 1463 3506 nomine

275 3549 482 3628 Didymeorum
506 3547 693 3608 Scholiorum
716 3548 889 3627 compilator
916 3546 1034 3626 saepius
1058 3556 1184 3607 ueterum
1202 3543 1463 3608 Alexandrinorum

275 3651 403 3730 optimos
426 3648 556 3709 indicare
575 3647 697 3727 videtur)
721 3648 906 3708 scribendum
930 3649 994 3720 erit,
1017 3647 1072 3708 ita:
1096 3648 1272 3726 „Postquam
1291 3655 1332 3722 tu,
1353 3647 1464 3726 Euthy-

275 3771 393 3826 menes,
420 3751 451 3812 in
479 3751 533 3810 has
555 3767 628 3827 quas
650 3749 738 3810 modo
766 3749 912 3810 nominavi
935 3748 1071 3810 uictorias
1097 3749 1181 3826 quasi
1204 3749 1316 3830 primus
1342 3749 1462 3823 irruisti,
1525 3729 1532 3742 ⁸

274 3871 481 3934 praegressum
509 3832 628 3913 secutus
652 3851 837 3912 nuncetiam
861 3861 1003 3928 cognatus
1028 3858 1097 3912 tuus
1119 3858 1236 3928 gentem
1257 3850 1463 3928 Aegineterum

276 3955 425 4016 decorat.“
471 3955 615 4033 Compara
636 3951 826 4013 Homericum
848 3945 1001 4025 κάλλιστος
1023 3945 1087 4030 μετ’
1109 3945 1247 4030 ἀμύμονα
1263 3951 1427 4028 Πηλείωνα.

360 4071 450 4132 Paulo
478 4079 546 4150 post
572 4093 614 4133 vs.
638 4072 678 4132 52
693 4098 736 4126 =
751 4070 791 4131 95
821 4071 998 4150 optimorum
1022 4071 1156 4132 codicum
1183 4070 1253 4149 (Vat.
1276 4070 1308 4144 B,
1336 4073 1408 4148 Aug.
1429 4069 1461 4148 C)

274 4174 361 4235 lectio
392 4172 563 4255 παγκρατίῳ
595 4173 748 4250 bucusque
779 4173 877 4246 latuit,
915 4191 990 4251 quae
1019 4173 1143 4234 sortasse
1169 4179 1298 4251 praestat
1330 4172 1463 4251 vulgatae

274 4273 475 4356 παγκρατίου,
505 4273 561 4334 alio
584 4273 779 4352 epimerismo.
824 4274 925 4352 Neque
953 4274 1112 4336 eorundem
1134 4274 1221 4336 lectio
1240 4262 1279 4334 tv
1306 4295 1354 4332 τιν
1379 4273 1461 4334 Nem.

275 4379 322 4453 Vl,
341 4380 359 4437 7
374 4403 418 4430 =
431 4376 451 4437 9
463 4396 507 4452 sq.
529 4375 666 4436 innotuit.

360 4478 402 4542 Ne
414 4485 512 4540 tamen
526 4485 667 4560 angustos
681 4476 768 4538 lruius
782 4476 922 4558 epistolae
935 4477 1009 4540 lines
1022 4477 1228 4556 transgrediar,
1247 4476 1335 4538 linem
1348 4476 1461 4540 faciam.
