3322 5190
292 344 332 404 40
620 357 755 399 scnom
778 356 940 397 ολεεεεεε
962 356 1003 396 An
1026 355 1159 398 01..v111.

331 427 392 431 .-
400 423 596 431 ...--——--
843 420 847 425 .
857 420 973 426 .---..

325 456 438 494 adsum.
658 493 663 504 ,

287 503 354 546 ’Μ’
413 502 446 537 1...
495 541 583 620 ἐστι,
613 534 671 602 καλ
687 536 778 622 ῥέπει
797 533 853 602 καλ
868 535 959 601 νεύει
979 533 1087 600 πολλά
1105 538 1162 602 καλ
1180 536 1264 602 κατά
1282 537 1379 622 πολύ,

399 670 402 677 ·
493 645 592 713 ὁποία
618 647 711 712 ἐστίν
734 642 755 730 ἡ
781 648 850 710 τάν
876 647 1067 729 Αίχινητιόν
1095 647 1269 729 φιλοξενία
1297 646 1380 733 πρὸς

493 757 657 839 ἅπαντας,
681 755 849 831 δάσπαλες
863 752 920 820 καὶ
936 754 1106 820 δύσκολον
1120 751 1262 840 ὑπάρχει
1281 760 1379 822 τοῦτο

460 847 464 854 ’
492 865 529 932 τὸ
543 870 680 951 πρᾶγμα
695 865 733 930 ἐν
749 863 839 951 ὀρθῇ
853 863 910 930 καὶ
920 866 1035 951 δικαίᾳ
1050 865 1214 951 φρονήσει
1228 863 1273 951 μὴ
1289 865 1379 953 παρά

491 973 610 1061 καιρὸν
632 971 708 1040 ἀλλ’
735 975 905 1060 ἔχκαίρως.
946 973 1134 1038 τουτέστιν·
1159 977 1225 1058 ἔχει
1246 977 1308 1059 μέν
1330 1000 1379 1053 τις

491 1087 701 1171 φιλοξενίαν,
730 1081 805 1148 ἀλλ’
828 1080 869 1148 οὐ
895 1083 1038 1149 δύναται
1064 1085 1268 1170 διακρίνειν,
1295 1084 1379 1172 πρὸς

491 1198 585 1272 τίνας
601 1195 655 1260 δεῖ
670 1193 797 1278 ταύτην
815 1205 924 1258 ποιεῖν
940 1193 996 1258 καὶ
1011 1190 1094 1279 πρὸς
1109 1196 1202 1271 τίνας
1221 1193 1278 1277 οὔ,
1301 1193 1375 1260 ἀλλ’

490 1303 619 1388 άλόχως
634 1303 813 1390 ἐργάζεται.
837 1305 1015 1388 Αἰγινῆται
1029 1303 1067 1368 δὲ
1082 1303 1138 1368 καλ
1152 1303 1282 1389 πολλὴν
1297 1306 1378 1370 ταύ-
1412 1351 1418 1364 ,

490 1439 552 1500 την
572 1417 702 1498 ἔχουσι,
725 1412 781 1478 καὶ
803 1411 873 1497 μετ’
890 1409 1041 1497 ἀληθοῦς
1062 1413 1259 1500 διακρίσεως
1274 1419 1377 1480 ταῦτα

490 1518 778 1610 μεταχειρίζονται.
802 1528 916 1608 (Thom.
933 1526 980 1606 Μ.)
996 1524 1017 1608 ¹)

312 1647 359 1697 192
419 1646 435 1696 9
533 1635 737 1717 δοκιμάσθαι
756 1638 817 1698 Vat.
834 1638 867 1698 Β.
889 1635 971 1698 Caes.
987 1638 1020 1699 A.
1034 1634 1057 1718 ²)

239 1755 243 1761 ’
317 1786 350 1794 -
390 1754 461 1823 lofll
531 1739 677 1828 ἢοῦτας
695 1741 914 1828 ἀπορρητέον.
942 1741 998 1807 διδ
1015 1746 1052 1808 τί
1069 1738 1301 1822 εἶπεξενίοο
1322 1744 1378 1809 καὶ

492 1851 554 1920 οὐκ
571 1849 643 1919 εἶπε
659 1856 816 1938 φιλίον;
835 1851 975 1918 καὶτῶν
990 1851 1157 1940 ἑτέρωντι
1173 1855 1377 1946 παραδηλῶν

492 1963 699 2049 σοφώτερον,
716 1962 766 2028 ὅτι
778 1961 834 2028 καλ
846 1963 948 2041 ξένιοι
958 1951 1047 2047 ἦσαν
1058 1963 1094 2027 οί
1102 1965 1279 2048 Αἰγινῆται
1291 1965 1379 2029 καθὸ

492 2073 711 2139 δικαιότατοι·
724 2072 1014 2158 παρακολούθημα
1026 2073 1063 2138 δὲ
1073 2077 1134 2138 τοῦ
1146 2074 1291 2156 δικαίου,
1305 2071 1377 2159 οὐχὶ
1463 2147 1467 2158 ‚

491 2188 552 2249 τοῦ
567 2182 705 2266 α’δίκον,
724 2180 762 2248 τδ
779 2184 979 2266 ξενοδοχεῖν.
996 2222 1038 2230 -
1055 2182 1246 2268 [Πάρεδρος
1373 2167 1376 2173 ’

532 2293 701 2378 βεβαιάση
717 2290 755 2356 τδ
773 2294 841 2372 (οια.
858 2292 923 2377 καλ)
938 2296 1000 2357 Vat.
1016 2297 1049 2358 B.
1071 2297 1150 2362 Caes,
1166 2298 1198 2358 A.

533 2401 662 2489 τροπὴν
682 2405 751 2486 (non
767 2399 884 2488 ῥοπὴν)
903 2407 965 2467 Vat.
982 2407 1014 2468 Β.
1036 2407 1121 2468 Rom.
1146 2407 1227 2469 GaeS.
1243 2410 1275 2470 A.

411 2541 443 2584 ι.
535 2513 629 2599 ῥέποι
653 2500 706 2597 (ids
726 2517 786 2578 Vat.
803 2516 847 2597 Β).
886 2510 949 2595 ὅ,τι
967 2511 1032 2600 γάρ
1055 2510 1157 2594 πολὺ,
1180 2511 1218 2578 τδ
1243 2515 1378 2597 φιλοξε-

491 2635 582 2706 νεῖν,
606 2621 789 2688 καὶπολλὰ
811 2621 867 2687 καὶ
889 2626 1064 2706 πολλαχῶς
1081 2625 1128 2700 είς
1147 2620 1224 2700 τούς
1244 2626 1378 2708 φιλοξε-

491 2733 679 2816 νουμὲνους
701 2732 813 2817 ῥέποι,
843 2728 923 2808 άςτε
949 2729 993 2817 μη
1020 2733 1207 2818 διακρίνειν
1229 2735 1267 2798 ἐν
1292 2731 1380 2820 ὀρθῇ

492 2841 593 2928 φρενὶ
620 2841 712 2924 παρά
740 2840 876 2929 καιρὸν,
914 2844 1083 2919 δυσπαλὲς
1118 2841 1175 2907 καὶ
1211 2843 1379 2909 δύσκολον

490 2950 648 3038 ὑπάρχει·
674 2947 698 3037 η’
724 2951 821 3017 οὕτω.
858 2952 1049 3037 [γνωμικόν
1071 2954 1161 3040 ἐστι]
1256 2963 1297 3024 23
1320 2977 1377 3018 om.

493 3062 600 3146 λόγον
617 3066 679 3127 Vat.
695 3066 728 3128 Β.
750 3066 830 3128 GaeS.
847 3067 880 3127 A.

320 3208 347 3242 ,-
410 3183 445 3232 24
535 3171 633 3257 κατά]
641 3170 747 3255 νόμον
757 3173 1016 3257 [οίκονομῆσαι,]
1026 3171 1176 3236 τουτέστι
1188 3171 1273 3238 κατά
1283 3171 1378 3255 θεὸν,

493 3283 679 3368 [δυσχερὲς]
697 3331 780 3346 .....
797 3304 856 3346 om.
873 3278 926 3346 άελ
940 3286 1003 3348 Vat.
1019 3285 1052 3346 Β.
1069 3285 1150 3347 Caes.
1166 3287 1199 3347 A.

317 3429 350 3437 —
411 3401 443 3452 35
534 3395 673 3479 κρίσιν]
690 3391 835 3477 πλήθειν
850 3389 915 3476 γάρ
932 3391 1069 3478 ἀνδρῶν
1083 3389 1170 3458 οὕτω
1186 3391 1269 3477 φησὶ
1287 3391 1380 3478 (φασὶ

491 3507 553 3568 Vat.
576 3507 614 3585 B)
643 3499 706 3586 την
726 3508 872 3586 Αίγιναν
896 3501 1010 3587 άςΕτε]
1037 3497 1125 3566 εἶναι
1150 3503 1189 3567 ἐν
1215 3499 1302 3587 αὐτῇ
1327 3503 1379 3586 ρξ’

494 3615 606 3697 (eadem
621 3616 682 3676 Vat.
698 3616 722 3676 B
742 3617 798 3677 nisi
814 3617 892 3694 quod
908 3609 1252 3697 τεσσαρακονταεπτά)

317 3765 350 3774 -
411 3736 444 3790 37
535 3723 638 3805 νῆσος
651 3719 742 3805 γάρ]
760 3718 798 3784 τὸ
813 3722 851 3785 δὲ
866 3718 1026 3805 φρονίμη
1042 3718 1132 3805 παρά
1148 3725 1268 3807 καιρὸν
1281 3723 1382 3788 τοῦτό

494 3829 595 3896 ἐστιν.
637 3829 719 3914 ὅπερ
746 3828 787 3914 δη
810 3841 879 3906 τοῖς
906 3828 1051 3916 άλλοιςῧ)
1073 3828 1259 3917 ἀδύνατον,
1282 3835 1381 3899 τοῦτο

493 3952 562 4017 τοῖς
578 3940 772 4026 Λίγινηταις
787 3936 1033 4024 εὐχερέστατον.

363 4130 382 4196 ¹)
401 4131 516 4183 Scholia
535 4132 668 4186 eiusmodi
686 4131 829 4182 Thomana
846 4131 926 4198 plura
950 4131 994 4182 edi
1011 4135 1138 4199 possunt,
1163 4137 1194 4182 ut
1212 4131 1248 4183 ad
1265 4148 1304 4184 τε.
1315 4133 1357 4188 40.
1370 4136 1402 4186 41
1425 4137 1484 4188 lon·

294 4232 382 4284 g1ora.

359 4317 381 4380 ²)
400 4315 583 4384 Δοκιχιῶμαι,
608 4314 684 4368 δοκῶ
700 4314 750 4370 καλ
767 4316 874 4384 οίομιιι.
897 4319 1020 4382 Hesyeh.
1043 4345 1077 4357 —
1104 4320 1148 4372 Ft.
1166 4318 1329 4384 διακρίνειν
1349 4321 1416 4373 ibid.
1435 4339 1485 4390 pro

294 4400 452 4468 διακρῖναι.

362 4501 383 4566 ⁸)
403 4502 470 4562 c9d.
488 4491 558 4568 ὅπερ
576 4495 609 4554 δὲ
627 4500 683 4554 τῶν
701 4491 793 4554 ἄλλων
811 4493 964 4556 άδάνατον.
