3322 5190
288 345 325 390 Vl
705 344 879 388 EPISTOLAE
903 343 1059 386 onl'rwnn.

289 499 396 577 quibus
415 497 444 558 in
463 496 558 557 lucem
574 495 758 576 proferendis
779 513 839 555 nou
860 493 954 554 solum
972 493 1008 553 de
1023 491 1150 553 Pindaro
1173 491 1224 553 sed
1247 493 1333 553 etiam
1356 492 1393 552 de
1414 492 1477 553 uni-

288 619 373 660 versa
395 599 544 659 literarum
571 596 720 676 republica
749 596 858 674 optime
882 595 1004 656 meritus
1033 613 1074 654 cs.
1119 594 1264 655 Atace
1293 594 1351 655 boc
1371 594 1477 655 lemma

289 699 382 760 abest.
418 699 478 759 lam
493 717 560 760 cum
576 698 631 758 tria
649 716 756 773 genera
773 695 906 757 codicum
926 696 969 773 (B,
983 696 1014 770 G,
1027 694 1060 774 D)
1077 694 1272 768 consentiant,
1295 688 1377 774 πρὸς,
1399 695 1477 772 quod

289 800 435 878 glossema
458 799 601 878 plurimos
624 799 809 878 optimosque
829 798 924 858 libros·
940 795 1109 876 occupavit,
1132 795 1239 856 eiicere
1257 815 1316 858 non
1339 796 1448 856 dubito.

374 901 407 962 ln
431 901 586 961 undecimo
607 900 735 960 carmine
751 899 815 959 Par.
833 899 857 958 G
872 906 900 959 ct
914 897 993 958 Leid.
1010 898 1047 971 G,
1068 915 1278 976 nonnunquam
1300 897 1478 958 assentiente

288 1006 348 1065 Vat.
360 1002 393 1074 B,
417 1001 534 1080 saepius
555 1019 679 1078 eaquae
698 1019 732 1060 ex
750 1000 820 1061 solis
842 998 1025 1078 interpolatis
1040 997 1220 1059 habebamus
1242 1005 1378 1076 tauquam
1397 1006 1478 1058 recte

289 1103 442 1164 emendata
465 1104 648 1162 confirmant.
693 1101 736 1161 lta
755 1101 865 1161 babent
884 1121 925 1162 vs.
945 1099 1094 1168 13:17,
1108 1098 1266 1178 Ζεφυρίων
1286 1107 1316 1160 ct
1331 1099 1476 1161 35:43

284 1195 413 1262 Ἐπειῶν
434 1189 584 1282 βασιλεύς,
607 1211 640 1263 ut
661 1202 715 1262 alia
738 1202 859 1262 mittam.
889 1201 950 1262 lam
974 1200 999 1260 si
1014 1199 1053 1260 ib.
1069 1218 1111 1260 vs.
1131 1199 1257 1260 9:12
1277 1201 1359 1261 solus
1376 1200 1478 1263 Par.G

288 1311 420 1384 praestat
441 1325 479 1382 γε
501 1297 586 1375 τόκος
606 1302 746 1377 θνατῶν,
777 1303 826 1364 nbi
848 1321 951 1363 omues
973 1301 1078 1379 reliqui
1102 1309 1215 1362 veteres
1237 1301 1303 1362 libri
1325 1301 1403 1362 idem
1427 1301 1478 1360 ba-

289 1406 371 1473 bent.
394 1405 446 1466 scd
467 1425 500 1483 γε
522 1405 642 1479 omisso,
667 1423 721 1465 nec
733 1405 888 1483 Byzantios
911 1395 936 1483 (ὁ
957 1397 1043 1473 τόκος
1065 1395 1193 1482 eatam)
1217 1420 1272 1463 nec
1287 1403 1319 1462 G.
1333 1403 1478 1463 Herman-

289 1525 359 1566 num
379 1501 474 1586 (τόκος
488 1496 611 1584 ὀνάτωρ)
635 1523 696 1566 rem
721 1525 774 1566 acu
793 1505 924 1582 tetigisse
940 1505 992 1565 sod
1008 1505 1047 1565 ita
1064 1502 1250 1564 scribendum
1272 1522 1339 1564 esse
1357 1505 1476 1583 opinor:

288 1629 327 1685 pe
351 1601 438 1678 τόκος
459 1599 618 1680 ἀνδρῶν.
663 1607 724 1666 Nec
748 1607 874 1666 sortasse
896 1605 1094 1684 spernendum
1116 1598 1266 1681 παλάμαις
1294 1608 1370 1684 quod
1398 1607 1475 1668 idem

289 1710 418 1788 optimus
445 1709 536 1770 codex
564 1727 630 1768 cum
658 1706 722 1767 solo
748 1705 828 1766 Leid.
851 1707 873 1767 C
899 1726 942 1767 vs.
968 1705 1004 1765 21
1025 1731 1069 1757 --
1084 1705 1125 1764 25
1151 1725 1204 1786 pro
1231 1698 1352 1791 παλάμᾳ
1377 1709 1475 1782 babet.
1543 1701 1546 1708 “

289 1810 422 1886 Denique
440 1808 512 1886 quid
529 1809 594 1868 Tibi
617 1809 730 1868 videtur
752 1808 788 1868 de
808 1807 952 1887 scriptura
974 1827 1017 1867 vs.
1036 1807 1073 1868 13
1087 1831 1132 1858 =
1148 1808 1201 1868 17:
1500 1789 1506 1800 ¹

575 1898 656 1987 νέμοι
676 1899 733 1988 γάρ
755 1897 905 1986 Ἀτρέκεια
928 1901 1035 1980 πόλις
1056 1909 1185 1987 Λοκρῶν

289 2031 363 2090 quae
386 2011 415 2072 in
437 2010 501 2072 solo
524 2011 578 2072 luit
595 2011 712 2072 LeidG
735 2018 803 2071 ante
822 2011 1055 2071 correctionem?
1079 2009 1110 2071 Si
1125 2017 1211 2090 poeta
1230 2003 1315 2081 πόλις
1337 2029 1371 2071 eo
1388 2030 1477 2073 sensu

288 2114 448 2192 scripserat
471 2120 502 2173 ut
513 2111 716 2173 accusativum
729 2112 852 2172 Pluralis
870 2095 984 2172 numeri
1005 2130 1072 2172 esse
1091 2112 1187 2186 vellet,
1210 2113 1390 2189 grammatici
1411 2131 1477 2174 cum
1528 2167 1530 2172 .

288 2215 318 2276 id
338 2222 389 2275 aut
409 2234 468 2274 nou
489 2213 676 2275 admitterent
697 2222 820 2275 autnon
841 2214 973 2274 viderent
992 2213 1040 2272 alii
1062 2212 1117 2273 alia
1131 2213 1288 2274 commenti
1311 2222 1389 2274 sunt.
1434 2215 1477 2274 Ex

289 2315 415 2377 Scholiis
438 2323 552 2376 tantum
583 2322 719 2374 constare
748 2315 876 2387 videtur,
905 2322 1019 2374 veteres
1047 2303 1201 2392 ἀτρέκειαν
1223 2308 1308 2385 πόλις
1336 2314 1428 2394 (quod
1447 2317 1477 2376 in

287 2417 390 2496 paucis
413 2424 526 2477 tantum
548 2416 630 2477 libris
654 2423 713 2488 ast,
747 2425 778 2476 ut
805 2417 834 2475 in
856 2416 909 2475 Vat
931 2414 966 2494 P)
993 2423 1022 2475 et
1042 2405 1062 2474 ά
1080 2419 1199 2496 τραχεῖα
1220 2409 1304 2486 πόλις
1332 2415 1426 2495 (quod
1447 2418 1477 2478 in

287 2517 367 2578 nullo
390 2517 464 2578 libro
488 2517 541 2598 est)
564 2518 686 2596 legisse,
708 2524 864 2594 utrumque
884 2516 973 2577 invito
995 2525 1097 2577 metro.
1144 2517 1201 2577 Sed
1223 2509 1327 2591 πόλιν,
1351 2517 1429 2595 quod
1447 2518 1477 2578 in

287 2619 421 2698 plurimis
443 2626 530 2696 atque
553 2619 670 2697 optimis
691 2619 841 2679 codicibus
865 2625 925 2691 est,
951 2636 1010 2678 non
1031 2617 1200 2695 agnoscitur
1220 2618 1275 2677 nisi
1297 2638 1313 2678 a
1333 2620 1479 2680 recentio-

286 2721 369 2781 ribus
391 2718 615 2798 interpretibus,
644 2727 711 2780 uta
731 2719 922 2798 Moscbopulo
945 2718 1117 2798 (Eustatbio)
1139 2738 1167 2798 p.
1187 2719 1258 2792 241,
1278 2718 1306 2779 2.
1330 2753 1371 2763 -
1397 2721 1476 2782 ldcm

287 2827 359 2900 puto
372 2820 478 2880 accidit
497 2821 533 2881 de
551 2811 639 2894 φάτις
654 2821 698 2881 01.
712 2821 736 2897 l,
750 2819 789 2880 28
802 2845 845 2872 =
855 2823 907 2904 ll.
938 2820 981 2881 ut.
998 2820 1126 2890 Μοῦσας
1138 2819 1327 2880 Hesiodeum.
1355 2821 1478 2881 Admisit

288 2929 385 2981 autem
400 2928 487 3001 poeta
505 2921 670 2982 indeclicis
691 2931 719 2982 et
737 2922 868 2983 Locricis
885 2922 1064 2984 carminibus
1084 2921 1175 2982 multa
1191 2939 1265 2999 quae
1285 2921 1356 2982 alias
1370 2922 1475 2982 vitavit.

371 3038 495 3098 Tantum
515 3039 551 3098 de
575 3039 724 3118 Olympiis.
770 3039 813 3100 Ex
835 3040 936 3118 primis
959 3040 1069 3118 Pytlriis
1089 3039 1199 3117 aliquot
1221 3039 1319 3114 locos,
1343 3040 1367 3100 si
1389 3039 1477 3101 huius

253 3153 258 3162 '
286 3138 375 3200 libelli
399 3138 525 3199 ambitus
549 3139 642 3218 capit,
663 3139 692 3200 in
715 3141 903 3201 annotatione
925 3140 1065 3202 tractabo.
1376 3194 1379 3198 .

372 3235 454 3319 Pytb.
470 3241 516 3314 lv,
533 3236 597 3299 211'
612 3268 654 3293 =
670 3242 730 3302 375
750 3241 794 3302 Tu
810 3261 844 3302 ex
861 3243 937 3302 Gott.
956 3241 1009 3321 (pr.
1025 3241 1074 3322 m.)
1096 3260 1162 3302 cum
1180 3241 1289 3303 Beckio
1310 3251 1338 3302 et
1352 3242 1385 3303 G.
1403 3243 1476 3303 Her-

286 3360 394 3402 manno
417 3338 530 3400 ἔπειτεν
545 3335 661 3418 ἤλυθον
684 3342 837 3422 scripsisti.
882 3344 988 3404 Verum
1007 3342 1030 3404 si
1051 3341 1153 3422 optimi
1174 3342 1242 3402 libri
1257 3342 1353 3404 Vat.B
1376 3344 1479 3406 lectio-

286 3462 355 3504 nem
377 3432 492 3501 ἔπειτ’
514 3435 711 3520 actaeona
733 3445 879 3522 cognitam
893 3444 1081 3517 habuissetis,
1105 3463 1164 3503 nou
1179 3443 1364 3522 sprevissetis
1377 3446 1476 3519 credo,

286 3562 376 3622 quum
408 3545 455 3606 vix
483 3544 541 3604 ulla
570 3564 625 3604 vox
652 3546 747 3624 aptior
773 3553 853 3606 esset
879 3547 988 3608 llumen
1018 3547 1171 3606 adversum
1201 3544 1405 3608 subeuntibus.
1438 3581 1474 3591 -

285 3646 333 3706 Vs.
350 3645 529 3706 2322412
552 3645 689 3707 notabilis
712 3647 816 3706 saltem
839 3655 884 3707 est
898 3647 985 3707 lectio
999 3647 1092 3706 Vat.B
1114 3652 1142 3705 et
1158 3645 1302 3707 lemmatis
1323 3647 1353 3708 in
1373 3648 1475 3708 eodem

285 3747 360 3811 libro
382 3742 543 3829 κροκόεν
565 3766 620 3826 pro
633 3743 758 3825 κρόκεον
773 3748 900 3826 vulgato,
923 3748 953 3807 in
966 3755 1052 3827 poeta
1074 3745 1174 3807 talium
1193 3748 1353 3809 formarum
1375 3767 1477 3810 aman·

284 3850 408 3912 tissime.
432 3885 471 3894 —-
493 3853 540 3911 Vs.
559 3847 740 3909 255=t55
763 3849 864 3927 optimi
886 3849 1003 3910 codices
1019 3847 1127 3924 Vat.B,
1150 3849 1214 3909 Par.
1230 3852 1262 3923 Α,
1284 3849 1349 3910 Par.
1367 3851 1390 3910 G
1414 3850 1477 3911 alii·
1528 3855 1533 3870 ¹

286 3969 342 4028 quc
363 3953 508 4028 vulgatam
528 3950 683 4010 lectionem
705 3931 786 4027 cipeto
806 3939 825 4025 ἢ
847 3941 952 4022 νάκτες
974 3958 1108 4026 tuentur;
1130 3951 1218 4011 iidem
1239 3943 1340 4028 όλβου.

370 4069 452 4147 Pytb.
467 4069 498 4132 V.
516 4068 651 4128 73:97
675 4067 884 4147 Moscbopulus
907 4058 1081 4146 γαρόοιτ’
1105 4067 1232 4147 scripsit.
1279 4067 1387 4147 Optimi
1409 4069 1475 4131 libri

284 4171 315 4231 in
335 4162 455 4248 γαρόετ’
471 4170 677 4242 consentiunt,
700 4170 756 4230 nisi
779 4171 856 4246 quod
878 4158 1004 4248 ycpdca’
1029 4169 1105 4229 Gott.
1128 4166 1196 4246 (non
1218 4169 1247 4229 in
1270 4169 1406 4232 lemmate
1427 4191 1476 4232 so-

284 4272 355 4345 lum,
379 4270 432 4331 sed
454 4270 541 4329 etiam
564 4269 594 4329 in
613 4269 714 4347 textu),
738 4277 767 4330 et
786 4260 924 4348 γαρότντ’
949 4271 1032 4332 Rom.
1053 4270 1103 4330 lm.
1122 4271 1206 4331 Rom.
1229 4274 1290 4332 Vat.
1308 4272 1340 4344 G,
1363 4272 1423 4332 Pal.
1442 4274 1473 4346 G,

285 4372 557 4451 Parllpraestant.
587 4370 707 4429 Lemma
722 4371 920 4432 Parisinorum
942 4371 1076 4433 codicum
1098 4365 1239 4450 γαράεται
1259 4371 1372 4449 scribit,
1396 4374 1473 4450 quod

285 4473 387 4536 nescio
409 4491 446 4533 an
465 4471 580 4532 delendi
600 4470 708 4552 possit,
733 4471 826 4533 soluta
852 4472 909 4533 arsi
930 4491 1074 4552 versuque
1092 4473 1248 4534 undecimo
1271 4490 1338 4532 cum
1363 4474 1475 4535 duode-
