3322 5190
516 361 650 405 εοετοτιε
664 359 835 429 ’σεπαρατε
846 359 905 426 ,412-
907 359 1017 426 9¹⁴2.st
1304 335 1359 395 ’11

1312 463 1340 490 v..

298 504 332 540 un.
379 541 501 628 τροπός
518 557 581 605 σου
601 533 677 625 dm]
699 541 798 604 τοῦτο
816 535 992 622 ἐργάζεται.
1023 532 1061 600 τό
1080 532 1145 621 γὰρ
1160 534 1262 620 μήόε-
1302 497 1352 540 '⁸¹⁸'

378 674 432 716 ται
451 654 516 716 νῦν
533 653 632 714 τοῦτο
649 651 812 733 σημαίνει.
849 653 961 712 Τεαίσι
977 649 1160 732 μερίμναις.
1189 647 1262 730 [έμ-

378 761 498 841 πειρόν
514 783 550 824 τε
567 762 636 824 κτλ.
653 781 747 842 usque
763 762 799 823 ad
815 755 1028 842 δραστήριον.

298 885 330 935 17
420 866 538 954 οἱονεὶ]
557 871 621 933 σοῦ
638 870 826 955 [τεθρίππῳ
840 864 1048 952 νικήσαντος.
1078 869 1178 931 Recte.
1306 879 1350 927 174

203 1021 236 1031 -
297 994 330 1045 3ο
420 979 633 1064 ἰσχυρότατα]
652 977 732 1061 βέλη
748 977 878 1062 [τρέφει
1305 987 1351 1037 171)

203 1103 236 1154 ιε
280 1103 347 1154 ε-ιι
376 1097 409 1153 υ.
429 1091 492 1173 (a),
508 1101 542 1156 νε
556 1111 600 1168 sq.
616 1096 675 1165 τι,
690 1100 802 1156 ει-ιι
816 1094 864 1150 Th.

203 1242 235 1252 —
300 1213 329 1263 10
414 1195 578 1283 Ἱέρωνα]
601 1193 748 1272 ’Ἁλλως
783 1193 847 1280 ἐμοὶ
868 1197 931 1278 μέν
956 1198 1099 1278 τιμῶμαι
1121 1193 1160 1258 έν
1175 1194 1261 1281 τῷδε
1303 1206 1350 1258 180

376 1312 422 1394 τῳ
435 1307 526 1394 τόπῳ
545 1305 602 1371 καὶ
616 1306 730 1390 [τῇδε]
751 1308 793 1389 τῇ
806 1303 913 1391 χοίρῳ·
938 1301 1034 1369 ἄλλοί
1053 1304 1187 1389 ποιηταί
1204 1303 1261 1368 καί

377 1418 415 1483 έν
429 1415 555 1494 ἄλλοις·
579 1412 649 1480 ὁόὲ
665 1411 824 1498 βασιλεός
842 1416 880 1479 έν
894 1413 995 1480 παντί
1014 1413 1104 1502 τόπῳ
1118 1416 1258 1498 τιμᾶται.

374 1525 412 1591 τὸ
435 1527 472 1592 δέ
495 1526 593 1610 βέλος
617 1523 705 1612 ιίλκᾷ
723 1523 854 1609 τρέφει,
883 1521 959 1589 ἀντὶ
983 1527 1044 1588 τοῦ
1063 1520 1126 1610 τήν
1152 1520 1259 1608 ἀλκὴν

374 1637 489 1722 τρέφει
504 1635 560 1700 καί
576 1629 677 1713 αὔξει.
691 1637 712 1719 ¹)

406 1743 523 1810 Ἀλλοι
536 1741 569 1810 ‹5’
589 1743 720 1810 ἄλλοισι
733 1744 882 1828 μεγάλοι.
914 1745 952 1809 έν
966 1741 1079 1820 ἄλλοις
1094 1744 1131 1808 δέ
1145 1743 1259 1820 τόποις

375 1856 430 1924 καὶ
444 1853 567 1941 χώραις
581 1853 676 1919 ἄλλοι
687 1853 821 1938 ποιηταὶ
831 1853 1036 1942 τυγχάνουσι
1049 1853 1188 1938 μεγάλοι
1202 1853 1258 1920 καὶ

374 1967 513 2045 ἔνδοξοι.
551 1962 616 2051 [τό]
633 1965 670 2030 δέ
686 1967 892 2050 [τελευταῖον
906 1967 975 2032 κτλ.

293 2087 327 2138 20
416 2075 597 2160 γενόμενος
611 2065 661 2139 ὦν
676 2077 784 2158 έχεις].
814 2073 973 2159 πόρσιον,
990 2073 1047 2140 καὶ
1061 2078 1183 2160 μεῖζον,
1202 2073 1258 2140 καὶ
1300 2085 1346 2136 182

372 2183 581 2272 ὑψηλότερον
595 2188 652 2268 τῆς
666 2187 845 2269 βασιλείας.

292 2309 321 2358 21
414 2299 559 2381 τοῦτον]
581 2295 735 2378 ἐπίλογος
751 2290 830 2379 εὐχὴ
845 2295 994 2385 δευτέρα.
1019 2291 1053 2382 [ὁ
1066 2297 1147 2371 νοῦς
1299 2305 1346 2357 184

202 2445 232 2458 -
293 2421 325 2468 11
416 2407 487 2490 ἐμὲ]
505 2406 540 2470 τε
558 2407 758 2490 [ἐπινικίους

293 2528 326 2578 25
416 2518 605 2600 νικῶντας]
621 2510 644 2600 ἢ
658 2513 775 2591 ἄλλως.
804 2520 854 2600 είη
869 2514 909 2580 σε’
920 2537 956 2580 τε
968 2517 1089 2580 τοῦτον
1106 2513 1166 2580 τόν
1179 2513 1259 2599 χρό-

375 2647 451 2690 νον·
485 2621 560 2708 οόχὶ
585 2623 646 2689 τόν
671 2625 837 2690 ἐνεστῶτα
862 2625 973 2711 όηλοῑ,
998 2621 1073 2689 ἀλλ’
1095 2623 1176 2691 ὅλον
1199 2623 1258 2691 τόν

373 2734 498 2820 χρόνον
524 2738 583 2819 τῆς
608 2737 690 2819 ζωῆς
715 2738 776 2800 τοῦ
792 2733 949 2821 Ἱέρωνος.
992 2739 1102 2801 Eadem
1128 2747 1258 2819 praestat

373 2848 479 2928 glossa.

697 3021 739 3077 AB
762 3021 881 3079 OLYMP.
905 3023 934 3078 ΙΙ.

268 3183 349 3234 7-17
372 3183 422 3238 Th.
441 3178 588 3260 (avoth),
612 3189 724 3245 27-30
745 3192 773 3240 et
791 3191 910 3247 31-59‚
936 3194 964 3244 11
981 3185 1014 3240 Μ.
1034 3181 1097 3262 (E),
1115 3191 1157 3249 59,
1178 3193 1255 3246 18—

372 3274 405 3326 22
417 3268 465 3323 Th.
487 3263 528 3341 (ex
543 3286 596 3324 rec.
614 3265 682 3345 Tn).
703 3276 745 3332 59,
761 3269 959 3332 36-6ο,111.
977 3263 1035 3346 (En)

197 3407 225 3414 -
296 3377 324 3429 13
410 3367 713 3454 Ἀναξιφόρμιγνες
747 3367 807 3435 τόν
824 3367 1014 3435 ἀνάσσοντα
1037 3375 1095 3455 τῆς
1112 3371 1254 3457 φόρμιγ-
1315 3384 1347 3434 1·

370 3502 446 3563 νος,
470 3476 600 3544 καὶτὸν
614 3477 847 3563 ιἰνασσόμενον
865 3476 923 3545 ὑπ’
939 3478 1050 3566 αὐτῆς.
1081 3483 1169 3566 λέγει
1183 3483 1220 3548 δὲ
1239 3480 1257 3548 ὁ

371 3586 509 3674 ποιητὴς
525 3587 608 3684 π’ρός
621 3586 699 3666 τοὺς
713 3587 841 3673 ὕμνους
857 3589 913 3656 καὶ
928 3589 1011 3676 πρός
1022 3590 1063 3658 τὰ
1078 3591 1254 3678 ποιήματα,

371 3697 453 3783 πρὸς
484 3697 547 3784 τήν
573 3699 694 3765 ἑαυτοῦ
717 3700 837 3784 ψυχήν.
870 3741 913 3750 —-
947 3701 1257 3788 [Ἀναξιφόρμιγγες

370 3807 478 3893 ὕμνοι.
510 3811 546 3875 οί
558 3813 616 3894 τῆς

215 3969 219 3982 .
294 3933 322 3982 15
400 3917 499 3984 Ἤτοι
512 3925 603 3986 Πίσα
623 3921 694 4004 μέν.
728 3918 789 4004 τήν
808 3921 916 4006 μόνην
937 3921 1100 4006 πρότασιν
1120 3926 1256 4008 τίθησιν
1312 3941 1327 3989 4

371 4025 388 4094 ὁ
412 4028 548 4115 ποιητὴς
568 4035 625 4115 M
649 4027 712 4114 τήν
739 4029 952 4115 κατασκευὴν
975 4033 1015 4118 ἐᾷ
1032 4036 1089 4116 M
1114 4031 1197 4120 πρός
1218 4033 1256 4100 τό

370 4141 496 4220 ξενίζον
512 4142 753 4225 έναποβλέπων
768 4140 824 4206 καί
839 4139 901 4224 τήν
915 4139 1035 4226 κοινὴν
1050 4139 1101 4224 6²)
1119 4143 1255 4230 ποιητὴς

240 4345 258 4409 ¹)
278 4348 311 4396 In
328 4347 408 4397 Leid.
423 4345 453 4397 C.
472 4345 564 4398 Schol.
584 4348 624 4397 ita
643 4347 776 4413 explicat:
801 4343 881 4415 βέλος
899 4340 972 4415 όλκᾷ
984 4345 1082 4416 τρέφει
1101 4350 1216 4417 είρηιιεν
1234 4343 1298 4404 ἀντὶ
1311 4352 1361 4405 τοῦ

172 4422 263 4497 ἀλκὴν
291 4421 405 4495 αὔξειν·
430 4431 460 4481 ln
482 4436 559 4482 textu
588 4423 678 4484 ἀλκὰν
707 4437 749 4484 est
775 4433 803 4482 in
821 4435 900 4485 Leid.
921 4435 950 4486 C.
975 4435 1047 4487 Med.
1067 4436 1099 4489 B.
1127 4435 1190 4486 ναι.
1207 4436 1238 4488 Β.
1264 4434 1309 4502 (ut
1331 4439 1360 4490 iu

171 4515 238 4566 Ven⁴
253 4515 302 4580 (ἧς
321 4531 415 4567 omnes
433 4516 531 4583 reliqui
549 4508 630 4583 ἀλκᾷ.
704 4517 725 4582 ²)
743 4520 787 4570 Ft.
807 4509 852 4580 ὥς.
