3322 5190
621 373 754 414 SGHOLIA
778 371 937 413 CAESAREA
961 372 1003 412 AD
1025 371 1157 414 0L.v111.

796 559 839 614 ιο
861 523 980 616 οιτον.
1001 557 1065 613 vm.
1392 479 1395 616 λ
1416 516 1464 560 ““”’

311 699 358 750 188
393 700 458 750 3-7
491 697 556 758 Th..
579 701 691 754 20—30
707 695 741 751 Μ.
760 689 821 770 (R),
845 701 956 754 30—33
973 691 1101 756 Triclinii,
1125 697 1299 754 36—38Tr.
1335 696 1377 754 ln·

491 781 562 836 edita
579 779 709 853 quaedam
722 780 858 836 Thomana
871 779 929 834 vide
943 777 1023 834 infra.
1391 784 1394 856 χ

310 893 358 943 189
418 893 433 944 3
522 871 1376 966 Ἄλλως]ὐύέσποινακαὶθιοικήτριαααὶὲξαγω-
1432 897 1448 948 3

424 1054 431 1062 ,
489 990 627 1076 γεύτρια
642 994 701 1073 τῆς
716 987 892 1073 άληθείας,
917 985 1193 1074 [άποπειροῐνται]
1219 989 1275 1055 καί
1291 987 1376 1055 άπό-
1419 1019 1425 1024 ·

490 1122 611 1184 πειραν
631 1103 764 1163 ποιούσι
786 1097 842 1163 καί
862 1111 983 1183 πεῖραν
1003 1096 1076 1181 ἥιοι
1097 1101 1226 1182 γνῶσιν
1246 1101 1375 1184 λαμβά-

489 1226 610 1274 νουσιν
628 1209 678 1294 [οἱ
692 1208 838 1290 μάντεις,

316 1321 327 1332 “
376 1359 378 1409 Ι
531 1315 699 1402 δέσποιν’]
716 1315 820 1382 οἱονεὶ
834 1328 994 1401 ταμιεῖον.
1013 1321 1051 1400 gl.
1067 1321 1140 1400 Aug.
1158 1322 1190 1383 B.

314 1467 347 1476 —
416 1439 432 1490 6
530 1427 694 1512 μόχθων]
723 1425 761 1492 τό
784 1427 821 1492 δέ
846 1433 878 1492 εί
895 1424 958 1491 τιν’
985 1429 1050 1510 ε”χει
1076 1427 1195 1510 λόγού,
1219 1425 1294 1493 άντὶ
1315 1433 1376 1493 τού

488 1538 670 1623 φροντίδα·
692 1543 757 1602 είτε
773 1537 988 1623 συμφέροντα
1008 1543 1068 1601 εἴτι
1083 1533 1263 1621 άσύμφορα
1271 1540 1290 1624 ¹)
1306 1541 1375 1603 τῶν

486 1647 677 1730 μαιομένων
692 1645 748 1712 καὶ
761 1646 948 1731 ζητούντων
964 1648 1002 1711 έν
1016 1650 1117 1732 θυμῷ
1130 1647 1280 1732 μεγάλην
1295 1645 1374 1734 άρε-

486 1755 559 1821 τάν.
593 1754 650 1820 καὶ
674 1755 739 1841 γάρ
761 1757 965 1839 κινουμένου
987 1760 1048 1820 τού
1061 1759 1212 1839 θυμικού
1231 1761 1272 1842 τῇ
1291 1781 1374 1844 καρ-

487 1865 561 1951 δία,
587 1864 670 1929 ὅθεν
688 1863 744 1930 καὶ
761 1864 954 1952 εὐαάρθιος,
978 1869 1214 1951 παρακινείταί
1225 1891 1274 1944 τις
1292 1866 1375 1952 πρὸς

487 1973 722 2057 γενναιότατα,
747 1973 830 2040 ὅθεν
845 1973 901 2039 καὶ
918 1973 978 2040 τόν
989 1973 1137 2059 Ἀχιλλέα
1157 1973 1212 2040 ὐιά
1227 1974 1265 2040 τό
1282 1977 1373 2042 πάνυ

394 2145 402 2152 .
487 2079 572 2149 εἶναι
586 2082 737 2168 θυμικὸν
758 2084 814 2149 καὶ
829 2081 1084 2170 ἀνδρειότατον·
1096 2087 1117 2170 ²)
1140 2083 1213 2170 ἥτις
1231 2111 1251 2171 η
1272 2083 1371 2173 άρετη

490 2191 628 2278 ὑπάρχει
662 2191 815 2278 άναπνοη
848 2193 904 2258 καὶ
942 2192 1131 2272 άνάπαυσις
1164 2197 1271 2260 τῶνδε
1305 2201 1373 2262 τῶν

485 2302 624 2386 μόχθων
642 2302 698 2368 καί
718 2308 786 2368 τῶν
805 2303 929 2368 κόπων.
966 2304 1022 2369 καὶ
1044 2303 1108 2389 γάρ
1129 2301 1227 2370 ὁπότε
1248 2309 1372 2392 συμφέ-

486 2435 547 2494 ρον
569 2411 821 2497 άποφθέγξηται
843 2411 934 2499 αὐτῷ
956 2409 1059 2497 εἶναι,
1085 2414 1162 2479 τόθι
1183 2439 1214 2479 τι
1240 2415 1384 2500 πάντως,

484 2525 615 2606 χαρίεν·
641 2518 739 2588 ὁπότε
754 2523 791 2588 δέ
815 2521 855 2587 οὐ
870 2523 1044 2608 συμφέρον
1067 2523 1152 2589 άλλά
1167 2529 1297 2608 μάλλον
1315 2526 1371 2592 καί

485 2631 744 2717 παραβλάπτον,
782 2631 838 2696 καὶ
866 2631 953 2697 οὐτω
978 2637 1110 2718 χαρίεν·
1150 2634 1372 2720 ἐκωλύθησαν

483 2738 547 2826 νᾶο
563 2744 620 2824 τῆς
634 2740 772 2825 βλάβαι·

199 2923 207 2940 ι
309 2895 338 2902 -
405 2866 435 2916 19
525 2849 680 2936 δύναται]
705 2851 742 2916 δὲ
767 2849 835 2936 [ἐπ’
853 2847 965 2916 αὐτων
985 2851 1115 2918 τούτων
1136 2859 1205 2938 (Vat.
1221 2859 1244 2920 B
1262 2859 1370 2942 τοῦτο)

482 2966 636 3024 νοεῖσθαι
653 2958 710 3045 τό]
739 2959 886 3045 εὐσεβεῖς
909 2966 957 3045 (id.
976 2965 1037 3032 Vat.
1053 2968 1105 3048 B),
1131 2968 1251 3049 (Bnckh.
1275 2963 1371 3030 εὐσε-

380 3050 384 3066 ὶ
482 3072 594 3152 βείας).
625 3093 629 3098 ·

306 3212 340 3220 -
400 3187 432 3235 24
524 3175 667 3243 άνύουσι
682 3182 745 3244 Vat.
762 3183 794 3244 B.
818 3183 901 3263 Vulg.
922 3185 960 3266 (et
976 3185 1057 3246 Caes.
1073 3187 1106 3267 A)
1124 3179 1287 3249 ὐνόονται

305 3320 339 3330 -
399 3297 430 3344 27
526 3287 626 3352 ἕνεκα
642 3291 700 3380 τῆς
715 3286 900 3376 εὐσεβείας]
923 3294 981 3374 τῆς
999 3295 1048 3376 (id.
1068 3296 1130 3358 Vat.
1148 3296 1193 3379 B).
1206 3297 1289 3379 [τῶν
1309 3293 1371 3360 άν-

482 3397 593 3482 όρων,
619 3401 735 3474 λιταίς.

520 3511 593 3588 Aug.
620 3511 653 3570 Β.
691 3505 831 3592 άνεται]
865 3507 1063 3575 άυαύίθοται
1096 3511 1134 3577 δέ
1168 3509 1188 3597 ἡ
1217 3518 1367 3595 μαντεία.

479 3619 595 3698 (νειμ.
610 3619 669 3698 α).

518 3729 591 3806 Aug.
607 3728 639 3788 B.
659 3725 771 3811 χάριν]
789 3725 991 3810 άντάμειφιυ
1007 3733 1065 3812 τῆς
1080 3733 1148 3794 τοῖν
1166 3727 1368 3816 ἀγωνιζομέ-

398 3830 399 3833 ’
478 3832 1366 3924 νωνπίστεωςπρόςτόθείονααίεὐσεβείας(ΤΙιοτῃ.Μ.).

519 3947 592 4025 Aug.
610 3949 643 4009 B.
664 3941 702 4008 τό
716 3939 890 4030 ὐνύροῐνῆ
905 3943 987 4032 πρὸς
1002 3945 1039 4012 τό
1054 3951 1174 4032 λιταῖς,
1195 3943 1219 4033 η’
1234 3948 1317 4035 πρὸς
1330 3949 1368 4016 τό

478 4049 649 4136 εὐσεβείας
666 4055 780 4136 (Thom.
796 4059 856 4140 M).

518 4165 591 4242 Aug.
607 4166 640 4226 B.
660 4161 776 4229 άνεται
797 4155 861 4230 οὐν
883 4165 967 4254 πρός
987 4167 1086 4255 χάριν
1110 4165 1280 4254 εὐσεβείας
1300 4175 1369 4237 τῶν

375 1619 378 1680 λ

344 4333 364 4399 ¹)
382 4335 498 4385 Videtur
516 4334 606 4386 Schol.
626 4336 781 4400 φροντίδος
799 4327 881 4405 άξια,
902 4339 961 4393 εἴτε
979 4337 1162 4408 συμφέροντα
1181 4342 1239 4396 εἴτε
1256 4336 1411 4412 ὐσύμφορα
1425 4322 1490 4396 aut·

279 4420 403 4470 scribere
423 4423 471 4468 aut
489 4419 648 4484 intelligere
666 4420 798 4492 vojuisse.

341 4502 362 4568 ²)
382 4503 447 4552 Cod.
467 4494 687 4569 ἀνδρειότατον·
705 4493 725 4571 ἢ
743 4493 805 4573 ἥτις
825 4497 911 4575 ἀρετὴ
