3322 5190
286 351 326 410 36
620 335 754 410 senoina
776 367 936 408 caesenas
958 367 999 406 sn
1023 367 1072 406 on.
1087 363 1142 405 vn.

318 468 348 504 ed.
361 468 429 503 beeth.

305 518 352 615 dds
405 511 438 615 lema
529 547 688 636 πατρῴαν
707 545 812 630 αὐτὴν
829 545 891 630 τὴν
909 550 1015 630 νῆσον
1035 547 1081 622 εἰς
1101 556 1191 630 τρεῖς
1211 541 1370 626 νειμάμε-
1407 501 1457 607 dudd

487 682 540 724 νοι
554 661 575 743 1)
598 662 660 722 Vnt.
678 663 710 722 B.
731 661 812 722 Caes.
829 661 862 720 Α.

312 828 346 836 -
406 800 439 850 27
530 784 822 869 ἐπωνομάσθησαν
837 782 888 868 δὲ]
904 779 1018 858 αὐτοῖς
1034 784 1136 866 [vaae
1152 779 1189 844 δὲ
1205 828 1283 843 .....
1292 781 1369 860 τοῖν)
1412 791 1459 841 1111

489 897 647 982 [αίὲἃραι

529 1029 601 1104 Aug.
617 1027 650 1086 B.
673 1021 714 1088 ai
730 1020 911 1103 καθέδραι,
937 1015 1011 1101 ἤτοι
1031 1017 1070 1081 αλ
1079 1016 1201 1092 πόλεις.
1236 1011 1319 1100 πρὸς
1332 1011 1372 1077 τά
1429 1005 1437 1024 “

488 1132 616 1196 τούτων
653 1128 799 1214 ὀνόματα
833 1127 889 1192 καὶ
920 1118 1017 1192 αὗται
1047 1131 1109 1210 τήν
1144 1127 1373 1210 προσηγορίαν

490 1241 680 1325 ἐσχήκασιν.
709 1239 831 1304 ἔστιδὲ
848 1250 949 1322 σφῖν
964 1234 1026 1301 οὐκ
1042 1234 1117 1300 άντλ
1135 1239 1266 1320 σφῶν,
1288 1231 1373 1298 άλλά

489 1349 616 1434 δοτική.
654 1353 743 1434 (Haeo
761 1354 866 1413 Thom.
887 1351 942 1421 M„
966 1369 1042 1430 quae
1062 1369 1114 1411 sua
1138 1350 1207 1410 iecit
1226 1347 1312 1410 letires
1332 1348 1373 1407 di-

490 1473 598 1526 stracta
613 1465 663 1524 Tr.
683 1463 733 1524 lin.
751 1449 894 1540 29—32'.)

533 1585 641 1669 άςπερ
658 1580 835 1670 (Verbeia)
852 1595 921 1659 τοῖς
933 1584 1053 1666 θεοῖς]
1088 1583 1159 1657 πῶς
1177 1579 1284 1662 άςπερ
1308 1591 1376 1654 τοῖς
1419 1600 1463 1648 111

490 1704 601 1774 θεοῖςς
626 1699 759 1780 [θυσίαι
774 1693 839 1778 γάρ

535 1827 608 1904 Aug.
626 1827 659 1888 B.
676 1821 841 1904 νικήσας]
861 1819 907 1896 εἰς
921 1819 958 1884 δὲ
973 1817 1011 1883 τὸ
1031 1817 1182 1882 άνθεσι
1198 1814 1265 1880 καὶ
1285 1832 1377 1880 στε-
1418 1834 1466 1884 118

493 1933 612 2019 φάνῳ
634 1929 699 2016 [τὸ]
724 1927 1045 2014 ἐστεφανώσατο
1068 1929 1195 2005 ἔξωθεν
1218 1926 1288 1990 νόει
1312 1923 1378 1990 άπό

493 2046 553 2108 τοῦ
574 2040 775 2128 στεφάνῳ.
811 2037 1012 2123 ἀγνοοῦντες
1027 2039 1065 2102 δέ
1082 2059 1171 2113 τινες
1186 2035 1272 2100 οὕτω
1294 2036 1378 2122 γρά-

494 2167 636 2238 φουσιν·
660 2140 716 2214 ὦν
740 2147 1122 2233 άνθεσιΔιανόρας
1142 2145 1378 2230 ἐστεφανώ-

496 2279 599 2326 σατο,
638 2258 694 2324 καὶ
712 2258 755 2323 σύ
773 2260 811 2323 ἐν
831 2261 985 2333 παλαιοῖς
1006 2257 1062 2322 καὶ
1082 2259 1218 2333 πολλοῖς
1237 2259 1379 2340 βιβλίοις

496 2370 666 2450 ἐξετάσας,
700 2364 744 2444 ὥς
770 2352 825 2433 καὶ
849 2365 959 2454 ἡμεῖς,
993 2367 1184 2453 στεφάνῳ
1217 2362 1376 2451 εὑρήσεις.

496 2484 609 2562 (Thom.
632 2484 716 2563 Mag.)
729 2479 751 2562 2)

323 2653 353 2662 -
389 2591 484 2690 211).Ι
538 2611 678 2670 τελεῖται
694 2606 745 2690 δὲ]
764 2604 817 2670 ἐπὶ
833 2603 951 2690 [μηνὸς
963 2607 1161 2690 Γορπιαίου]
1179 2605 1221 2668 ud
1227 2603 1235 2626 '
1250 2599 1379 2688 [ἡμέρας
1422 2619 1469 2668 111

436 2767 451 2780 .
497 2715 610 2800 ἀπέχει
626 2715 663 2780 δὲ
677 2718 746 2779 τοῖν
763 2717 919 2799 Νεμέων]
938 2709 1063 2799 ἡμέρας
1081 2715 1113 2790 ς’
1132 2717 1180 2798 (id.
1196 2719 1259 2779 Vat.
1275 2717 1320 2800 Β).

317 2863 365 2912 180
419 2861 449 2910 12
539 2809 836 2926 ἦτάἘλευσάνια.]
859 2837 1170 2928 ἢτάΠανελλήνια
1193 2845 1240 2926 (id.
1256 2846 1318 2906 Vat.
1337 2845 1380 2924 Β).
1423 2854 1467 2904 151

299 3028 443 3105 Κάμειρον
465 3021 660 3098 πρεσβύτατον
683 3047 717 3081 ea
742 3031 803 3096 ipsa
827 3031 911 3081 lectio
936 3047 1015 3096 quam
1040 3033 1123 3081 etiam
1146 3047 1218 3081 nune
1241 3031 1271 3080 in
1288 3032 1366 3082 libris
1388 3033 1489 3082 nostris

300 3127 426 3170 tenemus
445 3117 542 3167 eedem
561 3120 603 3166 est
622 3130 702 3180 quarn
721 3115 880 3180 „quidam“
898 3107 1145 3164 Alexandrinorum
1163 3116 1356 3180 probaverunt.
1392 3117 1489 3166 Altera

302 3209 408 3264 autem,
434 3216 515 3266 quam
537 3203 566 3248 in
584 3199 828 3249 Alexandrinorum
851 3197 1052 3264 exemplaribus
1076 3197 1153 3262 (τοῖς
1172 3192 1323 3266 ἔδαφίοις)
1347 3202 1489 3250 inventam

302 3288 386 3336 fuisse
407 3291 538 3350 apparet,
564 3289 624 3334 erat
643 3284 762 3334 fortasse
781 3271 820 3334 ὧν
843 3279 885 3343 εἷς
901 3278 955 3349 μὲν
969 3274 1140 3349 Κάμειρος·
1164 3276 1356 3351 πρεσβύτατον
1373 3279 1410 3336 δὲ
1429 3286 1487 3336 κτλ.
1515 3293 1520 3300 ’

302 3373 321 3424 i.
340 3387 365 3420 e.
385 3370 451 3432 „Sol
468 3369 613 3434 progenuit
631 3373 736 3432 septem
755 3367 839 3431 filios,
859 3383 969 3433 quorum
988 3383 1056 3416 unus
1076 3365 1160 3434 [erat]
1182 3369 1318 3432 Camirus3
1343 3371 1488 3419 maximum

303 3471 367 3506 vero
385 3459 451 3502 natu
470 3450 537 3517 [Sol]
562 3453 658 3517 genuit
674 3452 809 3516 Ialysum,
833 3453 951 3517 denique
969 3453 1120 3514 Lindum“;
1144 3455 1185 3502 ita
1202 3457 1232 3502 ut
1249 3453 1278 3502 hi
1296 3457 1352 3504 tres
1370 3470 1424 3503 non
1442 3469 1490 3503 ne-

303 3544 382 3604 potes
401 3537 449 3587 sed
467 3536 518 3584 filii
536 3535 607 3585 Solis
626 3536 751 3586 fuissent.
788 3537 840 3586 Cui
857 3537 979 3602 opinioni
999 3537 1177 3587 adversantes
1196 3521 1491 3588 textum-mutaverunt

303 3625 344 3672 ita
362 3627 392 3671 ut
405 3616 446 3694 εἷς
458 3614 510 3686 μὲν
528 3635 582 3668 non
594 3619 718 3669 Camirus
732 3620 781 3670 sed
793 3619 950 3688 Ceroephus
970 3621 1079 3685 quidam
1098 3620 1323 3682 (subaudiendus)
1343 3627 1425 3684 esset,
1445 3623 1490 3688 qui

303 3707 391 3771 ipsum
410 3705 563 3764 Camirum,
582 3710 632 3752 tum
644 3705 797 3774 'maximum
815 3710 882 3754 natu
901 3705 981 3766 (mira
994 3720 1060 3754 sane
1074 3704 1245 3768 distortione)
1264 3705 1394 3770 Iaiysum,
1415 3707 1490 3756 deni-

305 3806 356 3856 que
375 3787 492 3840 Lindum
510 3793 693 3852 procreasset.
728 3788 789 3837 Hoc
808 3788 911 3838 diserte
930 3793 1066 3838 testantur
1083 3790 1169 3838 verba
1187 3781 1242 3840 διὸ
1261 3790 1314 3842 κατ’
1329 3807 1404 3850 τινες
1422 3782 1492 3856 γρά-

306 3889 391 3940 φουσι
409 3875 466 3924 κτλ.
498 3871 546 3921 Sin
565 3877 656 3921 autem
673 3863 865 3938 πρεσβύτατος
882 3873 911 3922 hi
929 3874 1102 3923 invexissent
1120 3873 1161 3934 (ut
1173 3874 1260 3922 visum
1280 3879 1322 3924 eet
1335 3873 1490 3940 Calliergi),

306 3956 499 4021 comprehendi
517 3972 570 4006 non
588 3961 691 4021 potest,
712 3957 846 4021 quomodo
864 3958 903 4007 ite
921 3957 1072 4031 perieulum
1089 3973 1124 4006 ne
1142 3957 1171 4005 hi
1189 3958 1287 4008 heroes
1304 3959 1333 4007 in
1350 3974 1491 4008 numerum

306 4046 413 4106 septem
430 4039 545 4090 filiorum
559 4041 631 4091 Solis
648 4042 817 4090 referrentur
834 4042 963 4092 vitarent.
993 4042 1028 4090 At
1045 4043 1069 4092 si
1080 4033 1233 4107 Κάμειρον,
1251 4034 1444 4110 πρεσβύτατόν
1462 4059 1492 4094 τε

307 4124 479 4186 scribebant,
505 4124 572 4173 dura
591 4125 794 4175 constructione
812 4126 957 4176 verborum
979 4126 1007 4174 id
1026 4125 1199 4188 efficiebant3
1224 4127 1293 4191 quod
1310 4131 1398 4177 utrum
1416 4133 1492 4177 reete

307 4209 427 4258 fecerint
448 4207 597 4258 Pindarum
619 4225 680 4258 oum
703 4209 876 4275 genealogiis
902 4211 959 4261 suis
982 4209 1169 4272 concinerari,
1200 4225 1236 4260 an
1258 4225 1350 4270 secus,
1378 4212 1494 4264 videant

1093 4283 1102 4304 Ι

121 4271 127 4283 ⁸
175 4303 181 4316 ·
228 4343 232 4352 ,
307 4291 469 4356 Mythologi.

377 4391 396 4456 ¹)
416 4391 477 4460 Γῆν
495 4407 589 4442 omnes
606 4392 671 4442 libri
689 4394 826 4443 omittunt.
862 4395 974 4445 Addidit
991 4395 1097 4446 Bdekh.
1123 4365 1126 4376 ¹

377 4490 398 4554 ²)
413 4491 545 4544 Consulto
556 4493 658 4544 omissa
671 4507 687 4543 a
700 4493 783 4543 Trici.
798 4519 829 4530 -
841 4495 939 4570 Leetio
952 4493 1001 4548 καὶ
1014 4487 1146 4563 στεφάνῳ
1158 4495 1307 4548 Thomanie
1318 4499 1430 4564 propria
1443 4503 1493 4548 eat.
