3322 5190
534 355 668 398 §onom
694 355 854 396 cAnsAnnA
877 356 919 396 An
942 355 992 396 ΟΙι.
1011 356 1032 396 Ι.

220 453 250 488 εδ.
264 452 332 488 θσοὶλι.

210 505 251 605 ⁹66
286 495 361 616 1669
422 531 565 600 Ἓλδεαι.
591 532 657 602 ἀπὸ
673 537 734 600 τοῦ
749 534 873 617 ἐθέλω,
894 529 959 618 [3,]
974 533 1157 620 τραπέντος
1175 523 1275 598 τοῦθ
1313 493 1362 602 ’δι’

388 643 435 717 είς
446 629 472 706 δ
485 640 569 708 κατὰ
586 641 800 724 Μακεδόνας,
818 645 946 725 γίνεται
962 641 1081 707 έδέλω·
1100 640 1157 706 καὶ
1170 635 1275 726 ὑπερ-

315 814 317 822 ,
385 751 513 828 θέσεως
532 751 730 837 γενομένης,
755 751 875 817 έέλδω·
905 751 962 817 καὶ
983 748 1067 817 κατὰ
1088 747 1273 834 σνγκοπην,

386 860 471 926 ἓλδω
487 847 708 945 καλέλδομαι.
733 853 807 926 οἷον
822 863 924 943 θέλω,
944 861 1044 926 δέλω·
1067 860 1124 925 καί
1136 857 1202 925 ἀπὸ
1215 863 1276 924 τοῦ

387 971 494 1036 ἐθέλω
502 1019 512 1054 ,
536 971 654 1036 έδέλω·
678 971 735 1036 καὶ
752 969 831 1036 καθ’
849 967 1051 1056 ὑπέρθεσιν,
1076 970 1195 1035 έέλδω·
1219 967 1275 1034 καὶ

385 1078 469 1144 κατὰ
485 1079 678 1165 σογκοπην,
701 1082 787 1146 ἕλδω
803 1081 859 1146 καὶ
878 1081 1025 1164 ἓλδομαι.
1038 1081 1061 1163 ¹)

414 1185 555 1267 Ἄλλως.
579 1189 617 1256 τδ
633 1187 774 1276 γῆροςὴ
790 1188 887 1276 φωνὴ
905 1191 1051 1274 λέγεται,
1072 1187 1092 1275 ἡ
1110 1193 1276 1274 ἔναρθρος
1332 1194 1343 1216 ““

383 1297 499 1384 ἤχησις
520 1304 730 1385 τῆςφωνῆς,
759 1299 816 1365 καὶ
837 1296 920 1385 αὕτη
941 1298 1145 1386 ἡέναρθρος
1162 1299 1271 1384 φωνή.
1362 1295 1364 1300 ’

385 1407 466 1493 ὅπερ
479 1408 548 1474 έστὶ
560 1413 611 1494 [·]
628 1409 726 1493 λόγος
737 1407 755 1476 6
766 1409 984 1495 προφορικός.
1008 1409 1106 1492 λόγος
1115 1409 1171 1474 καλ
1183 1405 1201 1474 6
1214 1409 1270 1474 έν-

384 1519 555 1602 διόθετος,
577 1517 596 1584 6
612 1521 704 1585 ἐστιν
727 1516 978 1606 όδιακριτικός·
999 1517 1083 1584 ὅθεν
1102 1518 1167 1604 ἄρα
1184 1517 1280 1584 κατοΐ

382 1629 585 1714 μετάληψιν,
607 1628 747 1716 γαρύειν
761 1629 799 1696 τὸ
814 1631 1011 1716 διακρίνειν.

426 1741 660 1826 Διαφέρονσιν
673 1730 756 1825 ἦτορ
770 1737 826 1805 καὶ
838 1744 917 1827 κῆρ·
934 1730 1016 1826 ἦτορ
1027 1739 1091 1824 μὲν
1101 1738 1186 1805 κατὰ
1196 1736 1274 1816 τοὺς

384 1848 1271 1936 δόξανταςτήνψυχηνδιαρρέουσανκαλφθινομένην·

385 1957 451 2024 ότιδ
461 1959 522 2024 τοῦ
537 1957 596 2042 όίω,
613 1956 651 2024 τό
666 1960 771 2024 πνέω·
790 1959 876 2025 οὕτω
892 1959 956 2046 γδρ
974 1959 1130 2040 ἐδόξαζον
1141 1962 1273 2042 πνεῦμα

384 2068 511 2153 ταύτην
523 2065 624 2134 εἶναι·
643 2071 707 2154 κῆρ
719 2069 767 2150 δὲ,
781 2068 872 2154 παρα
883 2067 921 2134 τό
930 2073 1029 2135 καίω·
1046 2067 1130 2134 κατὰ
1142 2067 1274 2156 ἑτέρους

384 2176 449 2264 γὰρ
466 2175 503 2244 τὸ
519 2176 658 2258 ζωτικὸν
674 2177 731 2244 καὶ
744 2177 875 2266 θερμόν
890 2170 987 2263 αἷμα,
1010 2177 1110 2264 ψυχή.

427 2289 603 2374 Γερμανοῦ
630 2289 775 2374 σχόλιον.
817 2287 945 2366 Ἠέλιος
971 2292 1125 2373 σημαίνει
1153 2287 1212 2366 τὰς
1236 2290 1275 2373 β’

387 2399 558 2484 ἐνεργείας
578 2403 638 2464 τοῦ
653 2398 769 2484 πνρός.
803 2400 1052 2483 ε’τνμολογεῑται
1074 2399 1112 2464 δέ
1130 2397 1220 2485 παρὰ
1236 2397 1274 2463 τό

385 2503 455 2572 αόω
477 2505 515 2572 τό
537 2511 667 2592 φωτίζω
692 2507 748 2573 καὶ
769 2505 867 2592 [ἀπὸ]
888 2512 949 2572 τοῦ
970 2507 1026 2593 ἕλη
1051 2505 1071 2593 ἡ
1092 2511 1271 2595 θερμασία,

386 2614 539 2682 καὶκατὰ
556 2621 654 2682 τοῦτο
670 2621 837 2696 ψιλοῦται.
872 2616 1045 2683 ἐκκόπτων
1057 2621 1079 2702 ²)
1102 2617 1160 2694 τός
1182 2618 1273 2703 αἱρέ-

385 2743 455 2804 σεις
474 2731 542 2792 των
568 2728 795 2814 χαριεστάτων
820 2731 977 2813 φυσικῶν
998 2727 1066 2793 των
1087 2727 1271 2812 λεγόντων·

385 2832 447 2901 οὔκ
464 2837 534 2902 ἐστι
549 2836 712 2920 φωτεινὸς
727 2836 827 2923 φύσει
843 2835 915 2902 οὔτ’
932 2827 976 2903 αὖ
990 2835 1178 2920 καυστικδς,
1196 2835 1271 2902 ἄλλ’

386 2949 423 3011 ἐκ
440 2949 498 3031 τῆς
514 2945 600 3030 ἄγαν
622 2947 784 3032 κινήσεως
806 2944 911 3012 αὐτοῦ
928 2947 983 3012 καί
999 2947 1061 3012 τοῦ
1074 2944 1198 3024 παντὸς
1212 2944 1273 3032 τὴν

382 3056 513 3142 θέρμην
535 3059 610 3141 ἔχει.
644 3059 714 3123 ἔστι
739 3057 777 3124 δὲ
797 3053 818 3142 ἡ
842 3059 927 3137 λέξις
943 3055 1105 3143 Ὁμήρου,
1128 3055 1208 3144 παρ’
1232 3047 1272 3122 οὖ

385 3165 441 3232 καὶ
459 3164 476 3232 6
493 3167 558 3232 νῦν
572 3167 709 3253 ποιητης
723 3171 844 3252 έλαβεν
859 3164 904 3245 τός
920 3165 1128 3251 ἆπόνθισμα.
1142 3169 1165 3252 ³)

421 3271 532 3362 Ἑτέρα
546 3279 677 3344 εἰκασία
692 3275 775 3364 πρὸς
788 3281 927 3343 πλείονα
939 3277 1101 3342 σύστασιν
1115 3280 1173 3360 τῆς
1187 3274 1272 3341 ἀπο-

383 3385 516 3464 δείξεως
531 3387 591 3450 τοῦ
604 3385 743 3470 ἀγῶνος.

209 3519 240 3568 2²4
302 3517 334 3568 34
423 3492 634 3580 Ὀλυμπίαν]
654 3491 678 3580 ἢ
696 3494 821 3582 ἄστρον
835 3496 945 3573 καλοῖς
960 3491 1053 3561 εἶπεν
1072 3493 1269 3579 ὀντοποιοῐν,
1316 3515 1342 3568 ,ο

383 3603 561 3689 σεμνύνων
594 3607 632 3670 τό
659 3590 955 3692 πρᾶγμα·ὀί’ςπερ
985 3605 1040 3671 καί
1060 3604 1206 3692 Ὅμηρος
1232 3603 1270 3670 τδ

383 3714 565 3798 πρόσωπον
579 3720 724 3793 Αίαντος
738 3715 902 3803 πρόσωπά
917 3733 1031 3801 φησιν.
1045 3717 1067 3799 ⁴)

208 3839 267 3888 25·
301 3837 335 3886 28
425 3815 499 3888 οἷον
514 3827 621 3890 εἰπεῖν
642 3825 894 3910 περιβάλλεται,
917 3825 1152 3909 προβάλλεται.
1184 3827 1269 3889 ἔνιοι
1318 3836 1349 3886 14

382 3933 419 3998 δὲ
435 3937 656 4018 ποικίλλεται,
680 3947 850 4018 κοσμεῖται
865 3931 883 4000 6
897 3931 1010 4018 ὕμνος.

252 4090 272 4156 ¹)
291 4091 398 4142 Ιλετολε
416 4105 543 4142 resecare
561 4091 645 4142 nolui.
681 4092 724 4157 Dp
742 4107 771 4142 re
791 4092 827 4142 ολ.
840 4093 930 4155 Ελγιο.
944 4091 979 4140 Μ.
994 4105 1019 4140 v.
1034 4080 1148 4152 έὲλδωρ.
1166 4087 1245 4139 Sturz
1258 4088 1292 4139 de
1305 4089 1370 4144 diaL

183 4175 290 4226 Maced.
302 4191 329 4241 p.
343 4175 384 4226 31.
398 4182 452 4226 not.
472 4204 504 4210 —
523 4176 589 4226 Cod.
610 4177 693 4226 etiam
711 4177 741 4225 in
758 4179 836 4225 textu
855 4168 951 4225 ἔλδεαι
969 4171 1056 4239 φίλον
1074 4160 1151 4240 ἦτορ.

250 4259 272 4324 ¹)
290 4261 397 4310 Deesse
409 4260 536 4311 videntur
553 4259 698 4321 nonnulla;
717 4259 836 4309 fortasse
854 4258 923 4308 talia
941 4251 1074 4310 τοῦτοδὲ
1095 4251 1170 4322 λέγει
1192 4246 1208 4307 6
1226 4255 1372 4321 Πίνδαρος

186 4342 234 4406 (ιο
252 4334 267 4394 6
282 4335 458 4410 Γερμανδςῗ)
477 4334 622 4394 ἐκκόπτων
711 4334 863 4409 λεγόντων,
883 4333 920 4402 ός
937 4334 1032 4395 οόκ...

250 4427 272 4493 ⁸)
292 4427 334 4481 Cf.
352 4417 443 4490 Etym.
462 4427 499 4476 M.
519 4441 541 4476 ο.
559 4441 585 4477 v.
606 4431 634 4476 ελ
651 4425 710 4490 (ubi
728 4427 832 4478 similia
849 4425 990 4494 leguntur)
1008 4423 1257 4491 sch01.11.fl,413.

251 4509 273 4576 ⁴)
291 4511 324 4561 11.
338 4527 366 4577 η,
379 4510 438 4560 212.

1123 4589 1169 4651 1*
