3322 5190
646 345 780 398 §onoma
801 345 962 388 cinnam
984 344 1026 386 An
1049 344 1098 386 OL.
1114 343 1149 386 11.

431 495 450 575 ῥ’
499 525 640 613 κειμένῳ
665 529 764 591 nullus
787 547 923 590 meorum
947 527 1092 589 librorum
1118 527 1216 588 habet.
1267 527 1384 588 Addidit
1421 491 1470 518 'u'

498 641 577 700 enim
605 639 776 718 Gallierges,
809 645 921 700 textum
950 637 1162 700 Triclinianum
1184 643 1312 700 secutus.
1345 671 1379 680 —

498 749 560 810 Vai.
576 748 599 809 B
618 741 807 828 όβελίσκος,
830 747 894 810 rell.
915 743 1040 828 ὀβελός.

324 864 357 915 68
425 867 441 916 5
541 855 708 940 Σεμέλην]
735 855 831 938 λέγει.
869 853 952 919 ὅθεν
969 853 1026 919 καὶ
1040 851 1239 937 Εὐριπίδης·
1269 850 1384 928 κισσός
1429 861 1465 912 50

498 960 538 1028 όν
554 961 754 1050 περιστεφὴς
777 962 904 1040 ἑλικτός
917 967 1043 1050 βρέφος
1064 961 1168 1040 εύθύς
1182 962 1384 1048 χλοηφόροις

498 1075 609 1158 ἔρνεσι
624 1073 806 1142 κατάσκιον
821 1071 957 1158 ὀλβίσας
973 1072 1119 1138 ε’νιίτισε.
1135 1075 1152 1156 ¹)

324 1223 356 1232 -
416 1195 449 1246 24
539 1181 744 1268 ἀνατέλλων]
763 1183 820 1248 καὶ
834 1187 986 1268 ῳωτιζων
1000 1181 1038 1250 τό
1052 1183 1216 1269 περιέχον,
1234 1179 1307 1266 ἡτοι
1322 1179 1382 1246 τόν
1428 1191 1462 1242 56

496 1291 610 1379 ἀέρα]
629 1291 706 1378 [dio
722 1291 787 1378 νὰο

324 1442 355 1451 -
415 1416 448 1466 25
537 1400 697 1490 ἡμέραν]
718 1400 762 1480 τός
777 1402 809 1468 d'
827 1392 871 1468 αὖ
881 1406 987 1490 γεννᾷ
1001 1400 1063 1487 τὴν
1078 1401 1183 1468 νύκτα
1198 1397 1309 1485 ἡσκιόι
1323 1404 1382 1484 τῆς

496 1519 570 1598 γῆς,
602 1518 808 1598 μελαίνουσα
828 1511 888 1578 τόν
908 1511 1007 1598 ἀέρα,
1036 1511 1132 1589 ’ὄντος
1153 1509 1219 1577 ύπό
1239 1515 1303 1595 γῆν
1321 1513 1382 1575 τοῦ

493 1621 601 1708 ἡλίου.

321 1771 354 1780 -
405 1743 471 1796 26-
495 1750 529 1803 28
547 1744 605 1805 Ta,
633 1747 744 1802 28--32
768 1733 922 1818 (δηλονότι)
939 1741 972 1796 Μ.
992 1735 1054 1818 (R).
1080 1745 1191 1802 32—34
1206 1740 1264 1803 Τι..
1290 1746 1322 1798 14
1336 1755 1378 1811 sq.

494 1828 528 1882 M·
542 1823 599 1904 (Ε),
618 1834 660 1890 69,
676 1833 796 1890 36-70.
810 1834 826 1887 6
838 1827 882 1884 Tr.
900 1820 964 1902 (non
976 1827 1102 1882 videntur
1119 1843 1179 1882 esse
1190 1821 1379 1901 dioschopuii).

321 1966 352 1975 —
389 1938 470 2006 34ιν.
535 1926 677 2014 ἡμέραν]
699 1925 879 2014 ἡσύχιμον·
908 1925 1035 2014 ἡμέραν
1057 1927 1093 1992 δὲ
1113 1924 1295 2011 ἡσύχιμον,
1318 1925 1380 2010 τὴν
1427 1933 1459 1985 58

494 2043 554 2106 τοῦ
574 2038 744 2124 θανάτου,
773 2038 846 2105 ἐπεὶ
873 2040 911 2104 ἐν
932 2037 1035 2124 ταύτῃ
1062 2036 1227 2113 θανόντες
1252 2032 1379 2121 ἡσυχά-

494 2155 600 2234 ζομεν.

321 2275 355 2326 ιο
418 2277 447 2326 12
536 2259 654 2325 ειιοιε
669 2263 715 2336 εις
730 2257 853 2334 aizone
868 2263 937 2343 (non
952 2257 1050 2322 ιιιιαι
1066 2259 1120 2342 εις)
1135 2243 1238 2322 viia.
1255 2261 1377 2322 caesi.
1426 2269 1459 2322 ιε

416 2387 447 2438 13
537 2371 764 2456 παρέχουσαι]
791 2373 890 2435 τούτο
911 2367 1163 2449 κατασκευάζει,
1187 2363 1267 2443 aigae
1292 2364 1380 2431 καθὸ

495 2479 671 2565 ἅνθρωποι
697 2481 819 2556 πάντες
841 2477 959 2544 άλλοτε
983 2475 1099 2554 άλλοιις
1122 2473 1259 2563 ἡμέραις
1284 2499 1379 2562 περι-

494 2595 658 2674 πίπτομεν
671 2601 739 2667 τοῖς
753 2591 886 2665 δεινοῖς.

539 2697 635 2765 Οὕτω
661 2699 698 2765 δὲ
718 2710 829 2784 μοῖρα.
872 2699 980 2763 τιόνόε
1001 2695 1058 2762 καὶ
1079 2695 1209 2762 τούτων
1234 2695 1293 2780 ἡτε
1314 2719 1379 2762 πα-
1425 2710 1458 2762 οἵ)

493 2810 617 2896 τρύῑον
637 2807 694 2876 καλ
716 2808 858 2896 πατρικὴ
886 2804 1084 2894 ὑπάρχουσα
1109 2809 1176 2892 ἔχει
1203 2804 1293 2892 παρά
1319 2805 1379 2871 τόν

495 2918 644 3006 εὔφρονα
659 2919 715 2985 καὶ
731 2917 853 3004 εύτυχὴ
866 2919 993 3003 πότμον
1009 2918 1065 2984 καὶ
1082 2911 1299 3001 εὐδαιμονίαν
1314 2939 1379 2981 πα-
1491 2953 1497 2965 2

495 3029 701 3116 ραχενομένὴ
726 3028 791 3095 σύν
817 3028 905 3116 ὄλβῳ
928 3027 984 3093 καὶ
1005 3028 1087 3114 τύχῃ
1107 3027 1237 3114 θεόρτῳ
1262 3027 1378 3111 έπάχει

495 3144 554 3206 καί
579 3165 610 3205 τι
644 3144 735 3224 πὴμα
758 3139 1029 3224 παλιντράπελον
1060 3139 1098 3203 έν
1130 3135 1220 3224 άλλῳ
1252 3137 1308 3202 καὶ
1341 3139 1378 3202 έν

492 3245 620 3337 ύστέρῳ
634 3249 752 3337 χρόνῳ.
766 3251 788 3336 ³)
814 3289 849 3298 -
873 3229 1010 3326 ’Ἁλλιις
1036 3245 1136 3333 [οὕτω
1152 3248 1190 3312 δὲ

320 3391 354 3402 ·-
413 3367 446 3418 25
535 3357 579 3445 μὴ
591 3370 717 3446 σπεῖρε,
733 3362 864 3443 τέκνον,
880 3357 986 3424 ἄλοκα
1002 3359 1253 3444 (νειθπαίόων
1263 3355 1376 3442 ἄλοκα)
1426 3397 1456 3405 -

534 3471 665 3558 θεόρτῳ
682 3471 719 3535 δὲ
738 3474 784 3557 τῷ
801 3469 987 3556 θεορμὴτῳ.
1010 3466 1051 3534 όν
1066 3467 1171 3553 ὀρίνει
1185 3467 1241 3532 καὶ
1257 3468 1378 3550 διεγεί-
1424 3478 1456 3528 67

494 3603 544 3662 ρει
567 3575 589 3662 ἡ
613 3581 752 3645 δίδωσιν
778 3577 902 3655 όθεός.
941 3575 1141 3666 ἡάσῳαλετ,
1165 3577 1376 3663 θεοόιορὴτῳ.

495 3692 541 3773 (ci.
558 3699 608 3760 70.
629 3700 718 3769 lsssq.
736 3693 838 3772 18sq.)

320 3811 353 3863 ιο
388 3812 468 3864 ο-ιι
493 3807 525 3862 Μ.
543 3801 604 3883 (a).
624 3813 667 3876 τι,
683 3813 773 3868 3-11
792 3806 825 3861 Μ.
843 3803 907 3883 (ο),
928 3816 956 3866 ιε
971 3822 1012 3878 sq.
1032 3807 1085 3870 ir..
1104 3811 1224 3869 37—72.
1241 3813 1257 3864 a
1272 3806 1316 3861 Tr.

362 3987 385 4056 ¹)
404 3991 498 4057 Eurip.
511 3989 614 4042 Phoen.
628 3987 677 4040 652
689 4005 745 4056 sqq.
765 3990 813 4042 ubi
830 3989 896 4040 libri
913 3978 1023 4048 ἓλικτᾶς
1041 3987 1085 4054 (d.
1098 3989 1193 4039 Herm.
1205 3981 1314 4050 ἕλικος)
1331 3977 1421 4046 εὐθὺς
1441 3979 1482 4036 ἔτι

295 4068 400 4143 βρέφος
418 4067 619 4141 χλοηφόροισιν
638 4069 750 4139 ἔρνεσιν
769 4073 976 4126 κατασκίοισιν.

361 4167 383 4232 ²)
409 4167 517 4218 Similia
539 4167 633 4217 Thom.
657 4169 694 4217 M.
719 4157 879 4219 ἀνατέλλων
901 4157 955 4234 γὰρ
980 4163 1029 4218 καί
1053 4159 1103 4218 τὸν
1125 4158 1196 4232 άέρνι
1222 4163 1351 4230 φωτίζων
1373 4153 1483 4229 ἡμέραν

294 4255 381 4304 ποιεῖ.
401 4251 480 4318 (Aug.
493 4249 538 4314 B.)

362 4335 383 4400 ³)
401 4336 480 4386 Haec
498 4333 586 4400 prima
604 4339 647 4384 est
664 4335 842 4401 paraphrasis
860 4335 973 4386 verbum
990 4335 1075 4386 verbo
1094 4335 1224 4396 reddens,
1249 4331 1401 4384 cuiusmodi
1418 4335 1483 4382 suni

296 4419 412 4485 plurima
429 4421 459 4470 in
475 4435 532 4485 sqq.
555 4419 666 4482 ieiuna,
685 4423 777 4469 tamen
794 4419 859 4468 hinc
876 4419 939 4469 inde
958 4419 1052 4480 utilia,
1071 4424 1101 4483 ιρι
1119 4419 1183 4484 quid
1200 4419 1241 4468 λίο
1258 4415 1416 4468 Scholiasta
1433 4430 1483 4466 vo·

295 4503 378 4554 luerit
395 4503 539 4568 perspicue
557 4503 720 4552 indicantia.
1112 4486 1116 4495 ¹
