3322 5190
616 307 789 350 uelsronau
812 309 967 352 onl'rlcan.
1337 307 1386 354 Vll
1403 331 1406 339 ·

198 458 274 519 cimo
291 465 342 519 str.
356 467 384 518 et
396 458 508 519 antisti.
523 458 688 520 coniuncto.
722 457 798 528 Quid
811 455 966 518 Triclinius
981 459 1104 520 voluerit
1118 459 1198 535 latet,
1214 461 1297 522 deest
1309 462 1386 523 enirn

198 559 228 620 in
251 560 286 620 iis
306 559 412 637 quihus
431 577 502 620 usus
520 579 584 620 snm
602 559 684 620 libris
701 558 885 620 Triclinianis
907 559 1030 620 maxima
1049 580 1118 640 pars
1133 563 1221 622 huius
1237 563 1384 624 carminis.

283 661 365 740 Pyth.
383 661 431 738 Vl,
455 663 473 720 7
504 668 549 722 est
571 662 601 722 in
623 660 685 720 Vnt.
708 659 732 720 D
762 667 791 720 et
814 660 890 720 Gott.
915 679 1002 740 supra
1025 656 1127 738 ύμνων
1149 663 1246 740 glossa
1272 670 1386 725 vetusta

197 785 248 842 γρ.
273 759 335 820 καί
358 760 489 823 ἵππιον.
535 763 616 823 ldem
630 761 719 822 habet
740 765 822 822 verus·
837 762 1023 841 paraphrasis
1045 781 1073 842 p.
1082 761 1154 838 388,
1169 765 1198 824 11
1214 782 1258 842 sq.
1278 754 1293 822 ὁ
1310 753 1384 844 ὑπὲρ

196 865 249 940 τῆς
271 864 331 924 τῶν
351 850 453 922 ἵππων
475 863 560 942 νίκης
581 856 772 936 Πυθιόνικος
790 853 954 942 θησαυρός,
977 860 1124 922 τουτέστιν
1139 855 1155 923 ὃ
1173 858 1266 941 ύμνος
1338 866 1384 927 cui

197 965 285 1026 verba
309 965 382 1026 infra
405 965 500 1045 posita
524 963 600 1044 (20):
629 953 681 1023 τόν
702 957 816 1040 ὕμνον,
844 953 879 1022 ὃν
898 961 950 1023 καὶ
972 955 1126 1042 θησαυρόν
1149 958 1230 1025 εἶπεν
1252 985 1312 1027 non
1334 967 1385 1027 ad·

198 1071 359 1126 versantur.
382 1065 441 1126 Sed
455 1066 484 1127 in
501 1065 556 1128 alio
570 1054 687 1128 Scholia
702 1063 761 1144 (22)
777 1053 828 1123 τὸν
842 1045 898 1124 οὖν
912 1065 972 1124 τῶν
987 1057 1090 1143 ύμνων
1104 1057 1259 1146 θησαυρόν
1275 1075 1328 1128 εε1.
1342 1103 1384 1111 -
1401 1074 1406 1083 “

199 1167 246 1228 Vs.
265 1167 300 1228 te
318 1187 385 1241 νυν,
401 1166 477 1244 quod
493 1166 635 1245 Bergkius
649 1166 806 1227 scholiasta
819 1166 893 1226 duce
908 1165 1037 1246 scripsit,
1055 1169 1244 1230 confirmatur
1260 1168 1384 1230 lectione

199 1267 301 1341 Vatss,
324 1267 373 1345 qui
395 1274 424 1327 et
444 1267 474 1326 in
496 1275 575 1329 textu
598 1275 627 1328 et
649 1267 679 1328 in
700 1267 837 1328 lemmate
854 1267 908 1325 νῦν
929 1267 1026 1328 hahet.
1045 1303 1080 1312 —
1108 1268 1155 1330 Vs.
1172 1271 1313 1344 45-47,
1335 1255 1384 1331 uhi

197 1368 284 1429 Tricl.
301 1361 422 1428 ἅπασαν
439 1357 547 1447 expulit
562 1368 640 1446 quod
655 1367 814 1442 redundat,
835 1367 865 1428 in
883 1367 1004 1446 reliquis
1020 1369 1059 1430 ita
1077 1442 1078 1445 Ἴ

325 1463 468 1553 πατρῴαν
482 1463 607 1546 μάλιστα
621 1459 694 1546 πρός
709 1459 847 1546 στοίθμαν
866 1467 937 1548 ἔβα,

324 1565 414 1650 πύτρ
424 1573 471 1630 οἳ
482 1569 552 1650 (Vat.
568 1571 591 1630 B
607 1565 727 1650 πάτρῳ)
744 1563 771 1628 τ’
792 1561 982 1648 ἐπερχόμενος
996 1561 1125 1651 ύμλαΐαν
1140 1570 1248 1646 ἔδειξεν

255 1663 263 1676 ’
323 1665 481 1734 ἅπασαν.
516 1665 577 1754 νόῳ
593 1668 625 1732 δὲ
639 1671 766 1731 πλοῦτον
780 1661 859 1750 nigre,

196 1774 365 1849 traduntur,
381 1783 414 1834 ut
429 1765 546 1848 πύτροϊ
556 1773 593 1834 ad
603 1763 762 1857 πατρῴαν,
775 1765 893 1831 ίίιιασιιν
915 1772 952 1834 ad
969 1792 1070 1834 vocem
1093 1792 1167 1851 qnae
1185 1775 1269 1835 initio
1282 1794 1324 1836 vs
1343 1777 1401 1836 λδ

197 1875 336 1937 exciderit
347 1873 439 1954 (ἴσον,
455 1865 542 1954 ὅλον)
555 1875 701 1954 pertinere
714 1881 861 1954 appareat.
889 1874 987 1935 Schol.
1004 1880 1143 1935 alterum:
1158 1863 1177 1950 ἢ
1190 1869 1297 1946 ούτοτς·
1315 1869 1384 1935 ιἰντί
1481 1909 1484 1918 ,

196 1977 250 2036 τοῦ
265 1973 360 2055 rorico
371 1984 413 2036 ωϊ
429 1975 590 2052 ποιητικῶς
608 1973 699 2054 λέγει·
719 1993 779 2034 non
794 1969 911 2055 πότμοι·
922 1976 1046 2054 explicat
1058 1977 1110 2037 sed
1126 1967 1268 2058 πατρῴαν
1282 1984 1384 2056 utpote

142 2111 145 2116 ·
197 2087 309 2157 apodta
322 2077 358 2138 ad
371 2087 519 2153 patruum,
536 2095 595 2137 non
607 2076 642 2136 ad
655 2084 769 2151 patrem
780 2076 913 2137 relatum.
940 2076 1055 2137 Etenim
1068 2077 1142 2159 θείῳ
1154 2078 1183 2137 h.
1195 2076 1214 2138 l.
1227 2096 1287 2136 non
1301 2077 1384 2139 libris

196 2179 278 2240 MSS.
296 2179 348 2240 sed
364 2177 522 2239 editoribus
541 2175 662 2257 (Hepnio
677 2175 774 2256 credo)
793 2177 924 2239 debetur.
939 2213 973 2222 —
987 2177 1035 2239 Vs.
1049 2177 1098 2238 50.
1115 2177 1210 2239 Vat.B
1229 2170 1299 2236 ὅσον
1316 2177 1384 2258 (non

107 2316 112 2326 ·
196 2271 244 2360 ὃς)
261 2287 290 2340 et
304 2279 335 2340 in
346 2279 409 2340 sch.
425 2269 477 2350 οὓς
489 2262 571 2358 εὗρες
586 2279 703 2350 ἱππείοις
719 2275 850 2354 ἐσόδους,
866 2297 940 2358 quae
955 2298 1013 2339 non
1026 2279 1243 2360 interpretantis
1259 2280 1310 2340 sed
1322 2279 1385 2340 lau-

197 2381 293 2442 dantis
309 2399 376 2442 esse
392 2380 535 2441 videntur.
561 2381 605 2442 An
620 2371 658 2452 ὡς
676 2371 761 2460 (rige)
778 2363 886 2460 εὗρεςλ
913 2380 982 2440 Mihi
999 2373 1101 2459 ὀργαῖς
1116 2375 1223 2452 πύσαις
1238 2381 1383 2458 glossema

88 2483 91 2488 “
199 2481 504 2562 (quamvispoeticum)
513 2482 699 2544 astversicnli
708 2473 896 2558 μύλαιίδόντι
907 2473 975 2565 νόῳ.
1003 2481 1140 2542 Fortasse
1154 2472 1224 2540 ὅσον
1264 2481 1401 2567 ἱππείαν,

72 2575 88 2595 ”
197 2581 312 2642 εἴσοδον
326 2583 454 2644 indidem
463 2590 570 2658 ortum,
584 2602 638 2662 pro
651 2575 689 2654 ὡς
700 2581 857 2662 (quoniam)
865 2566 948 2662 εὗρες
956 2581 1059 2654 ἱππίας
1067 2578 1196 2653 ἐσόδους.
1220 2583 1301 2654 Quae
1310 2583 1384 2644 ratio

152 2671 157 2679 ⁵
186 2687 212 2745 'a
227 2684 435 2764 Moschopulea
449 2667 545 2766 (εύρές
556 2673 593 2742 θ’
608 2675 653 2762 ὃς)
666 2684 788 2764 propius
801 2683 884 2744 abest
894 2702 980 2761 quam
992 2703 1008 2744 a
1020 2683 1195 2744 Tricliniana
1205 2673 1320 2762 (ὀργαῖς
1335 2679 1384 2764 ἐς).
1482 2698 1485 2703 ·

280 2780 362 2865 Pyth.
380 2785 472 2860 Vll,5
496 2785 613 2846 codices
637 2785 821 2846 coniecturae
837 2784 1016 2862 Bergkianae
1035 2784 1102 2842 τίνα
1124 2776 1207 2842 οἶκόν
1225 2773 1251 2843 τ’
1274 2777 1384 2862 ὀννμύ-
1457 2786 1459 2792 ’

195 2887 281 2966 ξομαι
302 2905 362 2946 non
382 2886 579 2960 subscribunt,
602 2885 660 2945 nisi
675 2886 752 2964 quod
772 2873 831 2943 τίν’
853 2877 937 2943 σίκον
953 2891 997 2952 est
1014 2884 1043 2943 in
1066 2883 1201 2946 lemmate
1219 2885 1294 2946 Gott.
1326 2887 1385 2948 Sed

170 2989 283 3050 -alium
300 2987 396 3048 locum
413 2987 582 3048 consideres
605 2987 688 3048 velim
712 2994 833 3066 propter
855 2986 999 3064 digamma
1021 2985 1160 3062 similem,
1193 2986 1275 3046 Nem.
1299 2985 1335 3052 V,
1357 2990 1383 3048 1.

196 3090 238 3150 lbi
252 3107 331 3150 nunc
353 3088 421 3149 inde
436 3089 471 3149 ab
484 3088 533 3148 Er.
548 3088 697 3150 Schmidio
719 3081 889 3148 ἐλινύσοντα
908 3077 939 3164 μ’
961 3078 1138 3164 ἐργάζεσθαι
1152 3095 1206 3161 est,
1229 3087 1279 3148 sed
1303 3076 1336 3164 μ’
1354 3088 1385 3147 in

195 3196 272 3252 nullo
291 3185 395 3275 lihr01)
419 3189 565 3268 reperitur
585 3209 641 3250 nec
667 3198 712 3250 est
738 3191 767 3250 in
792 3188 964 3270 paraphrasi
986 3188 1176 3262 scholiastae,
1199 3188 1287 3248 immo
1310 3187 1385 3248 Bru-

195 3291 355 3352 hachianae
375 3289 488 3350 videtur
511 3308 577 3352 esse
599 3291 758 3352 inventum.
802 3289 857 3352 Est
877 3297 974 3350 autem
996 3287 1116 3348 minime
1138 3281 1353 3350 necessarium:

324 3384 389 3450 Ούκ
412 3379 655 3469 ἀνδριαντοποιός
677 3380 733 3468 εἰμ’
755 3383 821 3462 όόςτ’
847 3381 1019 3448 ἐλινύσοντα
1040 3385 1215 3468 ἐργάζεσθαι
1237 3379 1383 3468 ἀγάλματ’

801 3480 846 3550 ἐπ’
871 3481 963 3562 αὖτᾶς
982 3488 1132 3568 βαθμίδος

323 3569 448 3636 ἑσταότ’.

254 3747 257 3752 ,
278 3679 360 3758 Pyth.
376 3677 451 3753 Vlll,
466 3677 505 3738 72
520 3704 565 3732 =
580 3680 632 3740 101
659 3677 733 3756 sugit
745 3678 786 3751 Te
808 3676 853 3738 vel
874 3677 972 3756 potius
991 3676 1171 3738 Gerhardum
1192 3694 1282 3754 quum
1306 3677 1382 3756 opti-

194 3801 275 3844 mum
298 3779 428 3841 codicem
450 3779 671 3858 Gottingeusem
698 3778 891 3869 exenteraris,
916 3779 1045 3856 glossam
1066 3777 1106 3837 ihi
1128 3796 1188 3838 non
1217 3777 1386 3839 a'secunda

196 3884 247 3944 scd
270 3889 396 3943 avetere
418 3900 507 3942 manu
527 3899 601 3960 qnae
613 3880 725 3958 reliqua
745 3879 872 3940 exaravit
887 3896 977 3957 supra
991 3869 1127 3953 uipereor
1148 3877 1286 3956 scriptam
1302 3897 1384 3939 esse:

194 4008 241 4064 μρ.
268 3979 319 4043 καί
341 3975 521 4060 ίίφθονον.
566 3981 646 4042 ldem
667 3979 822 4040 manifesto
849 3979 919 4056 legit
941 3987 1025 4040 vetus
1047 3979 1192 4056 interpres
1219 3996 1310 4056 quum
1331 3967 1385 4036 ιἰνῖ

195 4086 363 4162 επίφθονον
383 4083 535 4158 redderet,
558 4083 647 4160 idque
667 4081 736 4142 huic
758 4081 822 4141 loco
845 4080 969 4140 maxime
993 4078 1142 4139 convenit:

197 4211 498 4224 ——-—-——-

263 4270 285 4336 ¹)
298 4259 472 4321 Ἐλινύσοντ’
486 4259 543 4332 top.
561 4267 625 4317 Vct.
639 4267 670 4329 B,
690 4266 758 4331 Aug.
773 4265 803 4316 (h
828 4256 1004 4318 ἐλλινύσοντ’
1019 4256 1075 4331 epp.
1100 4226 1176 4329 Alo,
1192 4265 1278 4326 Rom„
1299 4262 1384 4327 Gran,

196 4356 290 4422 Steph.
321 4342 510 4404 ἐλλινύσσοντ’
528 4343 585 4418 ἔον.
605 4350 768 4415 interpolati
786 4350 862 4401 codd.
894 4341 1074 4412 irreverenti
1083 4340 1117 4416 μ’
1132 4341 1189 4414 ἒργ.
1203 4349 1296 4411 Brub.,
1315 4349 1386 4400 Mor·

197 4430 361 4494 ἐλινύσοντα
373 4428 403 4504 μ’
418 4428 475 4502 ἐργ.
494 4437 542 4486 Ετ.
556 4434 685 4498 Schmin,
705 4435 756 4484 Βδ.
769 4423 825 4501 sqq.
857 4426 1040 4488 ἕλινόσσοντοί
1052 4425 1084 4500 μ’
1098 4425 1155 4500 inp.
1175 4433 1265 4498 Heyn.
1279 4432 1368 4484 Oxon.
