3322 5190
638 315 773 360 sonorus
795 315 957 360 censensu
978 315 1020 358 Ao
1043 317 1092 360 ou.
1110 317 1145 359 n.

543 483 546 488 .
1377 425 1470 504 'n

497 497 579 580 [τοῖν
607 493 735 562 totum
762 495 1035 579 τελευτησάντων
1060 493 1120 562 τόν
1144 499 1223 582 βίον
1242 501 1384 581 τιμωρία
1421 468 1444 495 m

497 603 553 670 καὶ
567 609 676 690 κρίσις
688 605 780 690 παρά
792 617 862 682 τοῖς
875 604 1121 692 ἆποιχομένοις]
1137 609 1241 672 πᾶσιν
1258 609 1305 688 (id.
1319 609 1384 670 πᾶ-

497 731 553 778 οιν
564 720 627 780 Vet.
639 720 683 802 Β),
706 714 783 802 [ούκ
795 711 853 800 civ]
867 716 974 801 ἑαυτῷ
987 718 1049 801 [εἰς
1061 714 1197 782 ἀδικίαν
1209 715 1381 800 ἐχρήσατο.

321 827 1385 910 τούτνωνμνηαωπππμνααμν
1465 871 1469 880 -

496 915 529 972 Μ.
547 912 611 995 (n),
630 920 714 981 33Tr.

323 1058 353 1067 —
416 1030 449 1078 22
539 1021 695 1105 ζύντας],
718 1018 804 1084 ἀλλά
819 1019 1013 1104 κακόζηλον.
1028 1021 1049 1106 1)
1069 1019 1184 1106 [μεστὴ
1199 1021 1265 1108 γάρ
1291 1085 1296 1094 ,
1424 1025 1471 1076 104

322 1167 357 1178 -
393 1137 470 1200 10120
540 1130 668 1207 ἔξωθεν
682 1119 759 1214 οὖν]
781 1133 899 1214 χρῆται
915 1127 1021 1216 [αὐτῷ
1036 1128 1132 1216 πρός]
1150 1129 1381 1216 δικαιοσύνην.

495 1233 518 1322 τ’)
533 1242 678 1323 χρῆσθαι
693 1236 784 1326 αύτῷ
798 1239 881 1323 πρός
894 1240 1100 1324 θεοσέβειαν.

323 1360 355 1408 77
417 1358 451 1409 34
528 1346 664 1435 Ἴσαιςλ)
687 1347 720 1414 δ’
745 1351 783 1414 ἐν
803 1343 950 1434 άμέραις.
980 1345 1055 1414 ἶσον
1073 1347 1154 1434 ἡμῖν
1173 1347 1287 1426 αὐτοῖς
1304 1349 1384 1434 χρό-
1424 1364 1472 1414 110

407 1442 464 1492 ιον·
498 1459 593 1544 νον3)
622 1458 815 1544 [ἐπιβάλλει
839 1455 857 1524 ό
877 1457 971 1544 ἥλιος
990 1459 1047 1525 καὶ
1069 1473 1139 1536 τοῖς
1161 1461 1199 1526 ἐν
1218 1458 1304 1547 ᾅδου
1330 1460 1383 1524 δι-

498 1572 631 1654 καίοις]
655 1565 718 1634 ούκ
734 1568 788 1634 ἐπὶ
800 1572 821 1654 4)
845 1572 927 1655 [τοῖν
941 1567 1069 1635 tutuno
1083 1569 1121 1634 δὲ
1137 1567 1155 1634 ό
1170 1570 1283 1654 λόγος,
1307 1567 1383 1635 ἄλλ’

498 1679 553 1744 ἐπὶ
564 1683 633 1744 τάν
644 1681 811 1764 δικαίων]
829 1677 935 1763 φησὶν
951 1669 1013 1744 οὖν
1025 1678 1074 1744 ότι
1085 1677 1145 1744 τόν
1157 1679 1255 1765 ἥλιον
1270 1683 1383 1764 ἔχουσι

496 1795 635 1874 τοῦτον,
659 1787 739 1855 καθ’
756 1785 797 1855 ὃν
812 1788 985 1873 ἐπιβάλλει
1008 1786 1121 1865 αύτοῑς
1134 1790 1275 1875 χρόνον,
1298 1788 1383 1856 άπο-

496 1901 655 1986 νέστερον
670 1900 852 1985 διάγοντες.
866 1901 888 1986 5)
909 1896 929 1983 ἡ
947 1901 984 1965 δὲ
1000 1899 1156 1978 σύνταξίς
1175 1901 1268 1966 ἐστιν
1287 1899 1381 1984 αὕτη.

497 2011 615 2078 ἐσθλοὶ
634 2011 697 2095 μὲν
719 2010 801 2094 αἰεὶ,
835 2011 872 2075 ἐν
895 2015 981 2086 λ’σαις
1007 2009 1204 2092 νύκτεσσιν,
1234 2013 1272 2076 ἐν
1296 2017 1383 2087 ἴσαις

494 2118 641 2206 ἡμέραις,
658 2122 834 2207 δέρκονται
848 2118 908 2186 τόν
921 2118 1034 2204 ἥλιον,
1058 2123 1189 2204 ἔχοντες
1202 2119 1383 2186 ἀπονέστε-

496 2255 559 2315 ρον
571 2235 697 2315 βίοτον.
710 2233 732 2317 6)
1326 2225 1327 2229 ’

322 2355 355 2405 78
415 2351 446 2404 21
539 2339 618 2407 οὐδὲ
639 2339 704 2425 γάρ
720 2339 810 2427 παρά
825 2339 887 2427 τὴν
908 2342 1018 2405 αἰτίαν
1032 2344 1090 2424 τῆς
1105 2345 1231 2417 πενίας.
1266 2347 1329 2406 Vat.
1347 2345 1380 2405 B.
1425 2350 1471 2401 116

495 2455 576 2517 Leid.
594 2458 624 2519 C.
649 2457 729 2518 Caes.
745 2458 778 2517 Α.

323 2601 354 2610 -
390 2569 468 2638 rofre
496 2571 550 2634 Tr„
562 2566 795 2648 τοο-511101.)
810 2571 942 2643 28ος.Ἰ“ι,
954 2564 1081 2647 (ιιοιιΜ.)
1090 2577 1175 2631 29—5
1184 2553 1321 2646 (ἆκριβές)
1332 2569 1380 2624 Th.

297 2751 370 2816 Kiel,
392 2745 470 2815 1845,
491 2770 517 2818 p.
531 2749 656 2820 79-81)
680 2752 713 2803 de
731 2753 875 2819 participii
892 2768 941 2818 pro
959 2752 1044 2802 verbo
1068 2751 1146 2802 finali
1163 2766 1214 2802 usu
1238 2752 1390 2816 disputavi,
1417 2749 1487 2800 addo

298 2853 369 2888 nunc
380 2827 421 2888 'ex
440 2839 558 2888 omnium
576 2839 815 2904 praestantissimo
835 2837 895 2888 cod.
911 2839 977 2894 Per.
993 2838 1016 2888 G
1034 2837 1124 2888 locum
1143 2837 1186 2886 01.
1198 2837 1224 2886 X
1236 2836 1307 2900 (XI),
1320 2836 1350 2886 4:

466 2919 494 2974 εἰ
511 2917 543 2974 ss
562 2914 615 2974 σόν
631 2914 710 2990 πόνῳ
728 2940 771 2982 τις
789 2909 822 2974 εὖ
839 2915 1018 2987 πράσσων,
1037 2912 1205 2989 μελιγάρνες
1222 2909 1308 2987 ὕμνοι

462 2997 585 3072 ὑστέρων
603 2998 689 3073 άρχαλ
707 2999 797 3074 λόγων
815 3001 949 3058 τέλλεται.

297 3107 360 3142 nam
379 3092 419 3142 ite
437 3091 485 3142 ille
504 3073 578 3142 solus
596 3107 645 3158 pro
663 3083 783 3156 πράσσοι
802 3091 882 3156 (cum
901 3091 993 3155 glossa
1012 3081 1137 3156 εὐτυχῶν
1154 3087 1257 3154 νικῶν)
1276 3090 1383 3142 scribit.
1417 3089 1486 3138 Mihi

296 3176 348 3226 hoc
367 3175 542 3241 participium
560 3177 679 3226 maxime
697 3175 807 3226 videtur
825 3191 885 3226 esse
898 3175 1082 3225 Pindaricum.
1113 3175 1171 3226 Nec
1189 3174 1278 3237 video,
1298 3175 1322 3225 si
1340 3175 1392 3225 hoe
1411 3189 1485 3240 spre-

297 3262 379 3321 veris,
400 3258 498 3309 melius
517 3273 597 3324 quem
615 3249 755 3312 άτιόὸοσιν
773 3260 853 3310 huius
867 3255 894 3312 ελ
905 3254 938 3312 δέ
950 3275 996 3312 νιν
1010 3254 1081 3326 ἔχων
1093 3276 1136 3318 τις
1149 3251 1231 3310 οἶδεν
1248 3259 1343 3310 fecere
1362 3275 1395 3308 en
1414 3274 1484 3324 quae

296 3359 336 3396 vs.
356 3341 496 3394 61:109
514 3349 664 3409 sequuntur
683 3343 772 3396 ἴσαισι
790 3339 938 3396 νύκτεσσιν
955 3345 1024 3408 κτλ,
1043 3343 1144 3402 omissi
1162 3337 1211 3407 <553
1229 3340 1395 3408 particulam
1413 3341 1485 3390 enim

296 3429 501 3494 perspicuitatis
520 3445 605 3480 causa
624 3429 716 3480 delere
735 3433 852 3494 oportet.

367 3529 386 3594 ¹)
411 3529 563 3580 Germanus
586 3529 659 3580 haud
677 3545 739 3580 raro
764 3534 812 3581 aut
829 3530 938 3580 laudem
963 3534 1010 3579 sut
1027 3529 1257 3601 vituperationem
1274 3530 1375 3594 poetae
1399 3526 1483 3589 addit,

297 3614 395 3666 iisdem
414 3614 572 3678 plerumque
591 3614 724 3668 formulis.

364 3683 906 3764 pmmmfflfflmmwp

363 3781 387 3847 ³)
406 3784 468 3832 Vnt.
483 3783 514 3832 B.
527 3782 604 3832 Rom.
617 3798 675 3849 sqq.
690 3773 753 3833 λσον
765 3770 835 3848 ἡμῖν
847 3786 908 3841 τοῖς
921 3773 1033 3848 χρόνοις
1046 3772 1198 3846 ἐπιβάλλει.
1218 3809 1250 3817 -
1268 3781 1332 3832 Alia
1343 3780 1483 3832 Bitckhius

297 3885 330 3919 ex
349 3869 425 3919 Vrat.
445 3868 476 3918 A.

363 3950 384 4017 ⁴)
403 3953 444 4002 Id.
462 3953 526 4002 Vnt.
538 3951 571 4000 Β.
590 3952 667 4002 Rom.
680 3966 737 4017 sqq.
758 3978 789 3988 —
806 3951 857 4002 Βὸ.
878 3967 912 4002 ex
929 3952 1006 4002 Vrnt.
1020 3951 1044 4000 A
1062 3951 1118 4002 elin
1137 3950 1289 4001 substituit.

364 4050 384 4115 ⁵)
403 4052 473 4102 End.
491 4053 554 4104 Vnt.
567 4053 599 4102 B.
618 4053 695 4103 Rom.
708 4068 765 4118 sqq.
783 4077 815 4088 -
834 4052 897 4102 Alia
909 4053 958 4102 Bu.
979 4068 1013 4103 ex
1030 4053 1106 4102 Vrst.
1118 4052 1151 4114 A,
1171 4051 1358 4115 redonnus,
1377 4051 1483 4117 opinor,

298 4136 369 4188 dune
388 4134 552 4184 scholiorum
569 4136 765 4201 Didymeorum
783 4138 959 4187 recensiones
977 4137 1102 4186 diversae
1122 4150 1192 4200 quae
1210 4140 1357 4200 supersunt
1374 4135 1484 4186 misceri

298 4220 446 4281 debebunt,
465 4233 518 4268 nec
536 4219 654 4270 fortasse
672 4221 878 4286 permiscuisset
895 4222 938 4272 vir
956 4220 1084 4284 eximius,
1103 4220 1129 4269 si
1146 4234 1202 4269 non
1220 4235 1253 4269 ex
1271 4236 1323 4285 quo
1341 4221 1418 4270 fonte
1436 4235 1482 4270 ve-

297 4305 448 4356 tustissimo
468 4301 541 4366 (Vnt.
554 4301 591 4367 B)
609 4302 740 4354 Romano
751 4304 857 4355 scholio
875 4305 1050 4355 manaverint
1067 4304 1171 4354 inscius
1189 4303 1296 4357 fuisset.

364 4387 385 4453 ε)
404 4388 447 4437 Tu
457 4391 572 4452 utroque
585 4402 665 4437 versu
678 4403 739 4438 cum
751 4389 876 4439 omnibus
888 4389 966 4439 libris
978 4388 1136 4438 melioribus
1150 4387 1225 4446 λ’σιιις
1237 4387 1338 4451 scribe,
1358 4380 1390 4440 ἐν
1408 4387 1483 4454 (nem

298 4473 382 4522 etism
400 4475 465 4522 ente
483 4461 630 4524 νύκτεσσιν
647 4486 702 4522 non
714 4471 863 4524 Thomanis
875 4471 962 4522 solum
980 4472 1029 4523 sed
1048 4472 1132 4522 etiam
1149 4470 1259 4536 optimis
1272 4470 1435 4537 quibusdum
1452 4475 1484 4522 ut
