3322 5190
278 335 365 382 XXIV
687 341 861 385 maronam
885 342 1041 386 cnlrlcnn.

278 489 469 552 novissimum
492 490 609 552 Pindari
637 491 777 553 editorem
805 493 938 554 timerem
966 510 1004 552 ne
1029 511 1088 553 non
1116 493 1213 556 lenem
1247 493 1464 572 obiurgatorem
1567 525 1575 538 ·

278 591 330 652 sed
363 609 479 668 gravem
510 593 735 672 vituperatorem
771 593 925 667 haberem,
959 593 1015 654 nisi
1044 593 1117 654 haec
1144 593 1350 674 disputationis
1380 613 1463 656 meae

277 711 391 754 summa
414 702 503 768 esset,
527 693 618 756 libros
638 712 695 771 quo
715 695 773 754 sint
793 685 967 756 vetustiores
990 713 1025 755 eo
1048 694 1114 774 plus
1136 694 1252 756 dialecti
1276 715 1465 772 conservare;

278 811 336 870 quo
355 793 416 855 sint
432 795 627 868 recentiores,
650 813 685 856 eo
708 795 800 873 magis
821 795 990 874 (etquidem
1004 795 1171 858 Thomanos
1186 796 1315 858 omnium
1330 797 1463 877 maxime)

278 896 314 956 ad
334 914 504 958 communes
527 897 636 958 turmas
658 894 762 956 delabi.
807 896 845 956 Ut
866 895 915 956 isti
933 896 1044 958 homini
1064 896 1264 957 condonemus
1287 915 1381 975 nugas
1399 917 1465 958 esse

278 997 375 1058 omnia
404 1013 478 1075 quae
505 1016 540 1058 ex
565 1004 701 1058 accurata
729 996 868 1057 librorum
891 997 974 1058 MSS.
1004 995 1170 1075 cognitione
1199 997 1323 1058 derivari
1351 999 1466 1077 possint

278 1098 409 1176 nihilque
432 1099 525 1177 magis
541 1116 659 1158 ,nocere
685 1097 715 1158 in
744 1096 834 1158 rebus
867 1097 1053 1176 philologieis
1080 1115 1167 1176 quam
1196 1098 1316 1160 nimiam
1343 1100 1465 1162 alicuius

278 1199 319 1260 rei
347 1199 514 1260 scientiam:
551 1198 697 1276 quomodo
726 1198 783 1259 hoc
808 1199 887 1276 quod
915 1206 1012 1259 tamen
1037 1217 1138 1260 verum
1163 1218 1229 1261 esse
1256 1219 1316 1262 non
1348 1201 1466 1280 negabit

278 1321 333 1361 suo
351 1301 474 1362 scientia
493 1299 660 1380 explicabit,
690 1298 769 1369 dico,
799 1300 877 1376 quod
901 1299 957 1362 soli
979 1300 1153 1362 vetustiores
1176 1301 1293 1362 codices
1315 1303 1367 1372 ἇῖξ
1393 1302 1466 1362 sori·-

278 1404 367 1476 buut,
395 1402 575 1462 recentiores
599 1419 667 1462 vero
696 1418 798 1460 omnes
822 1399 879 1471 ἶς’.)
913 1400 973 1461 lam
996 1401 1046 1480 qui
1064 1420 1155 1462 unum
1181 1410 1347 1476 servarunt,
1379 1403 1465 1464 etiam

278 1504 417 1576 alterum,
444 1503 579 1576 tertium,
607 1509 799 1580 quartumque
826 1502 987 1564 servavisse
1015 1503 1154 1564 censendi
1183 1510 1259 1564 sunt.
1304 1504 1402 1565 Habes
1431 1523 1465 1564 en

278 1605 335 1666 illis
366 1604 467 1664 formis
493 1603 523 1663 iu
545 1602 598 1673 ιῖιξ
620 1603 703 1680 quasi
727 1603 926 1680 gradationem
945 1603 1100 1683 librorum,
1132 1604 1187 1664 ita:
1218 1604 1249 1664 in
1273 1605 1415 1684 Olympiis
1435 1605 1465 1665 in

278 1707 370 1768 Vat.B
388 1711 520 1778 sedecim,
543 1705 573 1764 in
593 1703 693 1764 Pari}
714 1723 824 1780 novem,
844 1704 874 1764 in
893 1705 969 1764 Gott.
996 1715 1121 1780 quotuor
1142 1705 1204 1784 (sed
1227 1711 1282 1787 ᾳς),
1304 1707 1335 1766 in
1350 1707 1464 1767 Lucu

279 1820 354 1885 tres,
387 1808 417 1867 in
440 1806 515 1866 Med.
534 1805 567 1880 ll,
589 1806 660 1865 Par.-
671 1805 704 1876 Α,
726 1803 786 1864 l'al.
806 1806 828 1866 t]
850 1810 994 1880 singulae,
1018 1807 1048 1866 in
1067 1806 1188 1883 reliquis
1209 1805 1346 1886 (centum)
1368 1807 1465 1868 nullae

165 1917 168 1924 '
278 1912 390 1970 formae
411 1908 441 1968 iu
462 1907 515 1976 ἆῑξ
534 1906 679 1984 leguntur.

363 2010 435 2070 Dedi
459 2027 534 2086 quae
555 2010 585 2068 in
608 2015 744 2087 promptu
770 2015 861 2068 eraut.
907 2007 989 2078 Quae
1007 2008 1084 2086 quod
1101 2008 1221 2070 minime
1243 2017 1312 2070 sunt
1333 2009 1465 2069 absoluta

279 2130 339 2170 nou
364 2109 502 2170 voluntati
528 2109 580 2170 sed
609 2109 668 2170 otio
697 2109 865 2186 viribusque
893 2109 1014 2170 tribuas.
1059 2109 1136 2170 Vale.
1182 2110 1293 2188 Scripsi
1315 2129 1341 2171 a.
1365 2110 1392 2170 d.
1416 2111 1465 2170 lll.

278 2213 352 2272 Non.
372 2211 436 2271 Oct.
459 2207 646 2272 MDCGCLX.

835 2444 905 2518 ΙΠ.

558 2589 861 2660 ΗΕΒΜΑΝΝΟ
878 2589 1112 2659 ’ΒΑΠΡΡΙΟ
1140 2590 1176 2657 S.

365 2753 439 2824 Quid
463 2771 548 2831 agas,
568 2753 677 2834 optime
696 2753 789 2814 amice
811 2762 840 2814 et
852 2754 1008 2814 Prorector
1018 2753 1185 2832 Magnifice,
1208 2751 1308 2812 nescio
1330 2785 1372 2796 -—
1394 2750 1466 2812 nihil

279 2855 357 2915 enim
385 2854 586 2915 rescribis-
614 2855 670 2916 nisi
696 2855 775 2934 quod
799 2855 846 2916 his
867 2855 970 2916 diebus
998 2873 1032 2916 ex
1057 2854 1168 2932 collega
1193 2852 1319 2931 quodam
1341 2852 1403 2912 'luo
1425 2853 1466 2912 Tc

279 2955 379 3017 multis
406 2964 493 3032 atque
514 2955 628 3033 maguis
655 2956 786 3016 muneris
813 2955 986 3035 amphssimi
1013 2955 1139 3033 negotiis
1166 2953 1297 3015 distineri
1326 2955 1464 3032 comperi.

279 3057 340 3118 lam
363 3055 452 3134 igitur
473 3073 556 3136 spem
575 3056 732 3116 demittens
759 3075 807 3116 me
834 3057 871 3116 de
893 3056 1068 3134 quibusdam
1092 3045 1294 3116 Scholiorum'
1308 3055 1466 3115 Caesareo-

278 3177 345 3218 rum
370 3157 443 3218 locis
474 3158 523 3235 qui
551 3157 596 3218 vel
625 3157 755 3236 corrupti
776 3157 821 3217 vel
844 3156 948 3218 saltem
973 3156 1106 3217 difficiles
1132 3155 1177 3215 vel
1200 3164 1323 3233 utroque
1349 3156 1466 3216 numine

279 3257 409 3337 impediti
433 3257 491 3318 sint
510 3257 615 3319 melius
636 3277 652 3318 a
676 3259 717 3319 Te
739 3258 876 3318 edoctum
897 3257 948 3332 iri,
976 3257 1088 3318 tradam
1110 3257 1173 3317 Tibi
1202 3257 1330 3336 priorem
1352 3263 1483 3336 partem'

280 3359 367 3419 talem
390 3358 506 3435 qualem
532 3366 581 3420 aut
602 3359 699 3421 inveni
721 3368 771 3420 aut
792 3360 857 3440 ipse
880 3359 1035 3420 emendare
1055 3357 1146 3438 potui.

365 3458 463 3520 Codex
490 3459 652 3521 Caesareus
675 3461 908 3522 Vindoboneusis
938 3460 1032 3538 (nohis
1056 3461 1138 3521 Caes.
1161 3459 1211 3538 Α),
1239 3477 1361 3519 numero
1388 3477 1466 3519 nrvnc

283 3560 342 3623 130
371 3559 440 3620 olim
467 3578 534 3622 cum
562 3561 587 3621 J.
612 3561 750 3622 Sambuci
774 3571 853 3622 esset
882 3569 931 3622 aut
959 3562 994 3622 ll.
1018 3561 1051 3622 D.
1075 3562 1115 3623 49
1149 3568 1199 3622 aut
1230 3559 1289 3618 174
1323 3560 1465 3637 signatus,

279 3663 472 3742 bombycinus
501 3670 562 3736 est,
587 3663 680 3723 forma
708 3663 864 3738 quadrata,
895 3662 1030 3738 loliorum
1057 3659 1129 3722 232.
1174 3660 1310 3722 Continet
1335 3660 1466 3722 Cleome-

280 3765 361 3834 dem,
385 3763 588 3837 Heliodorum,
611 3762 783 3836 Pindarum,
808 3762 993 3842 aphorismos
1005 3761 1202 3840 hippocratis,
1225 3763 1381 3840 Aesopum.
1412 3761 1467 3822 Est

279 3865 354 3926 lihcr
374 3884 397 3924 s.
417 3865 484 3926 lllll
506 3865 650 3938 sivelllV,
673 3871 794 3942 excepto
805 3864 931 3943 Aesopo,
955 3862 1004 3941 qui
1024 3862 1122 3942 paullo
1140 3863 1280 3923 vetustior
1302 3869 1355 3930 est,
1379 3861 1466 3922 credo

281 3986 305 4026 s.
328 3965 390 4026 llll.
435 3966 552 4027 Pindari
574 3965 707 4045 Olympia
735 3972 765 4025 et
785 3965 886 4043 Pythia
914 3964 1026 4042 integra
1052 3983 1119 4026 oum
1140 3963 1222 4026 Nem.
1243 3963 1256 4023 l
1283 3971 1312 4022 et
1334 3963 1359 4023 ll
1387 3963 1467 4023 inve·

280 4065 401 4128 niuutur
428 4084 445 4126 a
466 4067 515 4126 lol.
538 4065 578 4127 89
603 4066 638 4127 ad
662 4065 802 4140 l01.181,
827 4083 923 4143 neque
946 4083 1073 4142 unquam
1096 4063 1178 4144 plura
1206 4063 1371 4136 inluerunt,
1400 4083 1466 4124 cum

280 4166 430 4229 librarium
452 4165 483 4226 in
502 4167 560 4227 fine
580 4167 662 4227 Nem.
681 4167 708 4228 ll
724 4167 843 4245 negotio
864 4167 1012 4228 destitisse
1031 4173 1178 4245 appareat.
1223 4163 1366 4226 Pindarus
1388 4174 1417 4226 ct
1436 4165 1465 4224 io

280 4277 361 4330 textu
386 4275 414 4328 et
437 4267 467 4328 in
490 4265 616 4328 Scholiis
644 4275 833 4346 peraccurate
858 4267 986 4348 scriptus
1009 4266 1177 4347 optimeque
1199 4273 1389 4328 conservatus
1412 4273 1465 4326 est

281 4371 373 4430 Totus
395 4366 562 4448 scriptionis
583 4365 701 4428 habitus
718 4365 754 4426 ad
775 4365 841 4426 Par.
859 4369 900 4442 Α,
931 4368 979 4445 qui
1003 4387 1027 4429 s.
1048 4367 1114 4428 Xlll
1136 4375 1196 4440 est,
1228 4366 1358 4445 proxime
1384 4385 1468 4426 acce·

282 4469 333 4532 dit
377 4469 431 4532 Est
453 4468 541 4546 igitur
560 4486 576 4530 e
595 4465 802 4530 vetustioribus
815 4467 931 4529 Pindari
951 4467 1044 4541 libris,
1068 4486 1127 4529 non
1147 4486 1163 4526 e
1184 4465 1397 4536 vetustissimis,
1417 4466 1467 4544 qui
1522 4476 1524 4480 ’
