3322 5190
611 345 785 389 urlsronnn
808 345 963 387 cammaro.
977 391 979 401 Ι
1309 335 1382 382 XXV

195 505 265 558 sunt
280 496 377 557 Vat.B
393 502 423 556 et
436 495 499 556 Par.
514 496 548 569 G,
571 502 603 556 ut
625 495 829 574 superioribus¹
845 493 937 554 literis
959 492 1189 552 demonstratum
1210 498 1264 552 est.
1297 489 1382 560 Quod

195 599 231 659 ad
259 605 369 659 textum
397 596 515 671 attinet,
546 596 620 656 liber
648 597 742 656 bonae
764 603 849 656 notae
872 602 932 668 est,
961 613 996 654 ex
1018 591 1114 670 quarti
1136 591 1252 669 generis
1275 589 1382 651 familia

195 705 306 776 quarta,
329 717 416 776 quam
429 697 748 758 Palatino-Caesaream
765 695 985 775 appellavimus,
1009 693 1157 754 oriundus.
1198 692 1241 752 Ad
1260 692 1382 752 eandem

195 800 255 859 Vat.
279 800 301 860 C
325 797 407 880 (121)
435 799 578 879 pertinet,
609 799 658 876 qui
683 806 711 858 et
737 797 801 876 ipse
822 797 904 856 Nem.
923 795 949 854 ll
970 802 1040 855 extr.
1071 794 1209 873 explicat,
1238 801 1267 854 et
1289 801 1383 854 aetate

195 901 339 962 Caesareo
365 899 495 977 aequalis
525 907 576 960 est.
627 899 723 959 Primo
751 898 855 958 obtutu
880 899 963 958 Caes.
985 897 1009 956 Α
1034 901 1182 956 vetustum
1209 894 1337 956 Vaticani
1360 895 1382 956 G

195 1001 396 1080 apographum
420 1019 486 1060 esse
504 999 631 1070 videtur,
656 1000 708 1060 sed
730 1007 798 1060 sunt
821 1017 895 1077 quae
917 996 1154 1072 contrafaciant,
1176 1005 1207 1057 ut
1226 1004 1384 1074 utrumque

196 1121 230 1161 ex
261 1102 345 1162 tertio
365 1101 465 1162 codice
494 1101 622 1180 pendere
644 1099 824 1179 probabilius
851 1100 897 1160 sit.
942 1099 994 1160 llle
1015 1107 1112 1159 autem
1134 1097 1290 1159 Vaticanus
1313 1095 1384 1156 Ger·
1463 1136 1468 1142 -

196 1203 274 1262 mani
295 1201 491 1262 additamenta
513 1202 550 1262 ad
563 1201 671 1262 Scholl.
691 1204 763 1262 Vett.
787 1195 967 1275 nonhabet,
991 1200 1043 1270 sed
1064 1219 1097 1260 ea
1120 1207 1233 1260 tantum
1252 1216 1327 1276 quae
1349 1216 1384 1257 ex

197 1303 388 1378 Gott.‚·Vrat.
405 1303 446 1378 b,
469 1302 505 1363 al.
529 1301 644 1379 cognita
667 1301 819 1363 habemus.

280 1404 341 1464 lam
363 1404 436 1464 haec
459 1402 596 1464 Germani
616 1403 812 1463 additamenta
839 1409 947 1480 quanta
974 1409 1004 1462 et
1025 1403 1120 1480 qualia
1148 1402 1206 1462 sint
1228 1401 1384 1462 dicendum

197 1505 267 1579 erit,
281 1513 358 1582 ¹tum
378 1522 437 1582 quo
460 1523 597 1566 sermone
622 1505 747 1585 scripta,
767 1504 905 1582 'denique
930 1503 976 1564 cui
1005 1504 1118 1565 auctori
1140 1503 1295 1564 tribuenda
1317 1521 1384 1564 esse

197 1605 358 1666 videantur.

282 1707 357 1767 Sunt
383 1725 417 1767 ea
438 1707 469 1767 in
495 1707 559 1768 aliis
583 1706 759 1768 carminibus
781 1707 940 1787 permulta,
970 1707 1001 1766 in
1021 1706 1085 1767 aliis
1108 1725 1270 1786 perpauca,
1300 1705 1383 1766 utin

196 1807 298 1886 primis
322 1807 465 1888 Olympiis
492 1817 521 1870 et
543 1809 645 1888 primis
666 1809 776 1887 Pythiis
798 1807 959 1882 uberrima,
988 1807 1018 1868 in
1043 1807 1253 1886 posterioribus
1275 1806 1385 1884 Pythiis

198 1916 230 1970 et
251 1909 282 1968 in
296 1907 414 1969 Nemeis
436 1928 496 1970 nou
515 1909 594 1969 item.
639 1909 671 1969 ln
694 1909 741 1970 his
763 1916 879 1988 praeter
900 1928 943 1983 ea,
966 1927 1040 1986 qnae
1054 1909 1116 1968 Vat.
1134 1907 1166 1982 G,
1187 1907 1301 1968 Medss
1324 1905 1386 1968 alii-

199 2028 255 2087 que
278 2009 374 2070 adhuc
395 2011 504 2071 inedita
526 2009 649 2080 habent,
678 2029 751 2070 nova
781 2029 840 2072 non
870 2011 955 2070 offert
977 2009 1052 2070 liber
1074 2011 1252 2084 Caesareus;
1279 2028 1313 2069 ea
1334 2027 1386 2069 au-

198 2119 256 2172 tern
280 2129 355 2190 quae
372 2111 461 2172 habet
484 2130 543 2172 non
567 2111 701 2171 videntur
722 2128 788 2172 esse
811 2111 947 2172 Germani
970 2111 1021 2171 sed
1045 2111 1202 2172 vetustiora
1228 2127 1302 2188 quae
1326 2110 1385 2170 sive

199 2231 268 2282 casu
290 2213 349 2274 sive
371 2211 547 2290 negligentia
569 2230 585 2272 e
607 2211 730 2290 vulgatis
742 2201 889 2290 Didymei's
911 2214 997 2288 (quae
1021 2230 1055 2272 en
1072 2212 1169 2273 tace
1188 2213 1293 2273 hausta
1308 2213 1384 2290 suut)

199 2313 378 2374 exciderunt.
424 2313 467 2373 De
488 2314 534 2374 his
557 2333 636 2375 nunc
658 2332 717 2374 non
741 2313 860 2390 loquor,
889 2331 957 2374 nam
980 2312 1053 2374 alius
1075 2314 1191 2392 generis
1214 2322 1297 2389 sunt,
1334 2313 1386 2374 sed

199 2415 235 2474 de
254 2415 290 2474 iis
309 2432 384 2492 quae
406 2414 472 2475 loco
492 2434 628 2476 sermone
648 2422 767 2492 lotaque
788 2414 886 2474 indole
910 2433 925 2474 e
944 2413 1065 2491 reliquis
1085 2423 1267 2495 separantur.

284 2531 365 2592 Haec
387 2531 528 2591 maiorem
550 2540 663 2611 partem
687 2533 882 2613 paraphrases
905 2539 973 2592 suut
998 2533 1119 2594 verbum
1146 2535 1234 2595 verbo
1262 2534 1386 2595 redden-

200 2641 261 2706 tes,
291 2631 414 2709 singulis
442 2632 583 2711 cuiusque
611 2634 691 2696 vocis
718 2634 985 2714 interpretamentis
1011 2635 1152 2714 particula
1178 2635 1232 2696 καί
1257 2636 1293 2696 ad
1323 2653 1386 2695 eam

200 2733 406 2812 adglutinatis‚
434 2733 594 2797 lectoribus
609 2735 705 2796 minus
724 2735 870 2796 iucundae
888 2754 975 2814 quam
997 2737 1099 2814 utiles,
1121 2745 1154 2798 ut
1174 2737 1205 2798 in
1223 2744 1310 2816 poeta
1333 2737 1388 2806 dil-

200 2835 338 2896 srcillimo.
389 2835 483 2896 Minor
509 2853 579 2914 pars
606 2836 638 2895 in
663 2836 771 2897 notulis
800 2836 1010 2916 synonymicis,
1043 2838 1241 2918 etymologicis
1276 2836 1330 2914 (ita
1354 2845 1387 2898 ut

200 2937 318 3016 saepius
337 2936 424 2996 verba
444 2935 539 3014 Etym.
563 2935 601 2995 M.
626 2937 815 3018 reserantur),
844 2938 1019 3014 dialecticis,
1043 2939 1387 3019 rhetorico-sophisticis

201 3037 343 3098 consistit.
377 3031 457 3098 Inter
473 3037 547 3098 haec
568 3036 670 3103 solitae
691 3057 785 3117 nugae
807 3046 894 3118 atque
917 3042 1046 3120 argutiae
1062 3061 1122 3102 non
1141 3041 1256 3102 desunt.
1292 3042 1388 3102 Pauca

200 3146 329 3212 tantum,
356 3145 389 3198 ut
410 3137 510 3198 notula
537 3138 586 3200 illa
609 3139 645 3200 de
667 3140 886 3220 computatione
910 3143 1021 3224 primae
1043 3141 1238 3223 Olympiadis,
1266 3162 1316 3205 res
1343 3143 1388 3204 hi-

202 3238 325 3299 storicas
349 3245 481 3316 tangunt.
527 3240 694 3322 Scriptores
715 3242 745 3302 in
773 3243 819 3305 his
845 3245 1050 3306 additamentis
1077 3228 1197 3324 perraro
1222 3244 1387 3317 laudantur,

128 3353 131 3362 ⁴
201 3346 233 3398 ut
257 3338 325 3398 hinc
351 3338 420 3399 inde
441 3340 604 3415 Homerus,
634 3341 790 3420 Euripides
812 3344 842 3404 in
866 3344 1050 3420 Phoenissis,
1083 3346 1245 3424 proverbia.
1291 3347 1388 3407 Unum

201 3438 298 3500 lecum
320 3440 405 3508 velim
428 3441 562 3502 attendas
581 3461 669 3519 quem
689 3443 767 3504 haud
791 3443 852 3506 scio
875 3463 932 3522 quo
954 3447 1102 3525 pertinere
1123 3466 1276 3510 censeam:

429 3542 527 3618 ψυχῆς
548 3532 605 3621 γὰρ
626 3533 843 3622 ἆγαλλομένης,
865 3540 969 3606 θάλλει
990 3536 1157 3626 πρόσωπον,
1373 3535 1376 3542 ’

203 3659 288 3719 quem
316 3661 431 3703 versum
451 3642 614 3704 Germanus
644 3651 676 3704 ut
701 3665 717 3706 a
746 3647 903 3726 „sapiente
921 3649 1075 3726 quodam“
1099 3651 1263 3730 prolectum
1290 3653 1389 3714 laudat

202 3743 238 3804 ad
261 3743 306 3802 Ol.
323 3743 345 3817 l,
365 3742 435 3806 139.
462 3777 503 3788 -
530 3744 596 3806 Tria
619 3746 827 3826 epigrammata
854 3753 914 3810 non
942 3750 1104 3812 invenustal
1126 3760 1155 3814 et
1178 3761 1298 3833 propter
1325 3773 1388 3814 rem

202 3843 297 3923 ipsam
314 3861 402 3922 quam
424 3853 548 3925 tangunt
570 3847 641 3907 satis
659 3848 802 3910 notabilia
824 3869 860 3910 cx
882 3851 985 3910 eodem
1008 3853 1108 3914 codice
1131 3854 1312 3934 transcripsi,
1336 3855 1388 3918 sed

202 3944 269 4004 novi
297 3945 397 4006 eadem
418 3946 448 4006 in
473 3947 607 4027 pluribus
629 3951 833 4012 vetustioribus
857 3951 974 4012 Pindari
996 3954 1135 4032 exemplis
1162 3954 1300 4032 iuveniri3
1328 3975 1388 4016 non

204 4045 291 4106 credo
311 4045 399 4124 igitur
419 4061 452 4110 ea
477 4069 543 4110 eum
558 4049 693 4112 Germani
710 4051 834 4115 Scholiis
859 4052 917 4112 ullo
935 4060 1021 4132 pacto
1043 4055 1208 4116 cohaerere.
1252 4059 1387 4118 Attamen

202 4145 279 4208 inter
300 4154 344 4208 tot
363 4149 445 4210 exilis
468 4158 555 4228 atque
576 4151 675 4212 aridae
698 4152 849 4214 doctrinae
876 4153 1013 4215 minutias
1036 4155 1202 4234 pulchriora
1223 4157 1318 4236 aliqua
1342 4159 1388 4220 in-

203 4247 319 4310 venisse
342 4256 371 4308 et
394 4250 520 4312 edidisse
541 4252 629 4312 iuvat.
746 4305 751 4314 .

289 4366 437 4428 Graecitas
447 4367 582 4429 Germani
600 4371 747 4432 recentior
769 4382 822 4435 est.
867 4374 991 4436 Formae
1018 4377 1161 4438 eiusmodi
1184 4383 1253 4438 sunt
1280 4367 1387 4455 ἆπλός,

205 4458 325 4544 διπλός,
344 4458 466 4546 χαλκός,
490 4458 634 4550 ἆργυρός;
659 4473 816 4554 χαίρεσθαι
839 4473 892 4550 (---
912 4476 1051 4560 χαίρειν),
1075 4469 1249 4538 κελεύεσθαι
1269 4481 1323 4556 (ε..-
1339 4498 1387 4538 aa·
1455 4519 1458 4527 ι
