3322 5190
285 317 327 406 td
612 336 746 379 eunome
768 336 930 380 onesinun
951 339 993 380 nn
1015 339 1065 380 on.
1081 341 1151 381 xm.

284 407 1093 522 'Tem——

266 497 270 504 ’
306 486 346 524 m
377 533 378 536 ’
405 478 437 512 Μ’
485 516 541 581 καὶ
562 517 718 600 ἐκίνησεν
744 512 811 580 ἀπὸ
832 519 891 600 τῆς
909 509 1065 594 Κνωσίας
1091 518 1220 602 πάτρας
1239 517 1296 584 καὶ
1314 523 1372 603 τής
1452 504 1456 514 ’

484 626 652 710 πατρίδος.
684 629 900 713 [παρείληφε]
920 627 958 690 di
975 624 1049 711 [τόν
1063 624 1237 713 ἀλέκτορα,
1262 627 1372 693 διὰτὸ
1425 653 1428 660 “

301 744 352 796 264
392 747 436 798 -28
528 736 566 800 έν
577 735 729 812 οίκιδίοις
742 740 825 820 [τοῖς
836 735 951 820 ἔνδον]
968 732 1071 820 ὁρῶσι
1084 740 1150 819 (hoe
1165 732 1268 822 ὁρῶσι
1283 744 1370 802 etiarn

484 847 546 909 Vnt.
562 847 595 928 B)
620 844 832 930 [μαχόμενος]
858 845 889 908 εί
912 841 969 928 [μή
991 840 1244 930 ήγεγενημένη]
1269 847 1371 929 μετά-

484 969 599 1029 στασις
613 957 662 1037 (id.
679 957 741 1018 Vet.
757 957 790 1037 Β)
809 953 881 1040 [καὶ

310 1100 337 1110 -
403 1075 436 1126 30
525 1062 687 1146 στερήσας
702 1079 740 1127 σε
753 1053 797 1145 ήν
811 1066 872 1128 vat.
889 1066 922 1127 Β.
940 1066 1021 1128 Cane.
1038 1068 1062 1128 A
1078 1074 1110 1128 ut
1124 1067 1200 1145 vulg.
1236 1060 1370 1148 ἀναχω-

484 1175 583 1257 ρῆσαι
598 1175 657 1255 τῆς
672 1174 739 1254 (om.
756 1175 802 1256 σε)
819 1176 918 1236 iidem.
1053 1164 1056 1168 ⁵

310 1318 341 1326 -
403 1293 433 1343 3⁴
525 1277 606 1346 αύτό
622 1284 731 1346 Vane.
762 1277 854 1367 αύτῷ
868 1285 929 1346 Vet.
946 1285 1009 1346 BD.
1026 1285 1154 1346 Caeed.
1173 1305 1241 1347 oum
1256 1285 1332 1364 vulg.

524 1395 596 1472 Aug.
629 1393 662 1454 Β.
699 1389 1012 1476 κατεφυλλορόησε]
1045 1390 1154 1475 μάτην
1186 1388 1366 1475 ἀνήλωται,
1405 1393 1409 1400 ’

483 1500 519 1564 ἐκ
554 1501 746 1584 μεταφορᾶς
785 1503 853 1563 τῶν
888 1498 1175 1584 φυλλοροούντων
1205 1501 1366 1585 δένδριον.

482 1613 595 1694 (Thom.
611 1612 658 1692 Μ.)

298 1737 347 1814 ’ἰοῦ
408 1739 423 1787 d
517 1716 700 1804 Ἡρακλεῑ,]
728 1714 831 1800 ήνίκα
853 1717 925 1782 ἐκεῖ
944 1718 1062 1802 ἐφάνη.
1093 1720 1195 1803 [τινες
1216 1720 1253 1784 δὲ
1269 1720 1368 1803 Νύμ-
1414 1741 1447 1790 25

481 1831 560 1913 φας]
583 1827 740 1910 λέγουσιν
762 1831 848 1910 (hanc
864 1850 967 1892 vocem
982 1850 1040 1895 om.
1057 1831 1118 1892 Vnt..
1135 1831 1167 1910 Β)
1192 1827 1321 1914 [καθώς
1335 1826 1366 1914 ὁ]

483 1934 510 2024 (ὁ
528 1960 586 2002 oin.
602 1940 664 2001 Vat.
680 1939 713 2020 Β)
732 1937 927 2022 [Πίνδαρος.
946 1941 1008 2002 Vnt.
1023 1941 1055 2002 B.
1075 1941 1155 2004 Caes.
1171 1942 1203 2003 Α.

307 2093 337 2101 -
408 2067 424 2115 5
522 2046 682 2130 βούλεται
697 2049 779 2112 Caes.
795 2051 819 2111 Α
837 2056 869 2110 ut
884 2049 961 2126 vulg.
990 2049 1138 2111 intererat
1153 2052 1215 2112 Vnt.
1232 2051 1264 2112 Β.

522 2155 623 2232 τόπος
638 2155 702 2241 γάρ
719 2155 810 2220 ἐστιν
827 2156 864 2222 ἐν
879 2150 973 2240 αὐτῇ.
1003 2153 1043 2221 τά
1058 2155 1169 2241 θερμά
1185 2157 1223 2221 δὲ
1240 2154 1365 2241 λουτρά

480 2264 520 2330 τά
545 2262 695 2350 φυσικήν
715 2266 834 2347 έχοντα
855 2261 919 2348 τήν
938 2261 1078 2350 θέρμηυ.
1122 2269 1197 2348 (Vat.
1217 2270 1239 2330 Β
1267 2265 1367 2342 τόπος

479 2373 543 2459 γὰρ
561 2377 599 2440 έν
618 2371 702 2460 αὐτή
718 2372 758 2439 τά
772 2372 884 2459 θερμά
900 2373 1034 2458 λουτρά.
1064 2377 1136 2438 nihil
1153 2379 1298 2460 emplius.)
1415 2419 1421 2432 ·

787 2575 829 2630 ΑΒ
851 2576 970 2656 QLYMP.
993 2576 1057 2632 xiii.

296 2722 347 2772 ens
374 2721 448 2779 ι-ο,
479 2721 574 2774 ο-ιο
588 2713 647 2778 nn,
670 2716 781 2771 10—23
792 2709 825 2765 n.
842 2706 902 2785 (ο),
924 2715 989 2781 rsq.
1005 2709 1038 2764 n.
1056 2705 1103 2786 (ι.)
1135 2711 1284 2776 ι-εοι,,
1308 2717 1364 2772 ο-

482 2805 514 2858 12
527 2798 560 2852 ii.
579 2792 637 2871 (Β),
659 2799 768 2855 17-23
781 2795 814 2853 Μ.
830 2790 888 2871 (Ε),
913 2801 947 2853 *28
961 2810 1005 2866 sq.
1023 2795 1081 2860 Tr„
1103 2801 1213 2855 29-31
1231 2795 1281 2849 Th.

306 2944 337 2953 -
407 2915 422 2965 3
521 2897 707 2981 θεόδματοι
727 2900 789 2962 Vat.
806 2901 839 2961 B.
880 2894 1066 2979 θεόόμηται
1086 2901 1211 2961 Medi).
1241 2899 1364 2962 Caneri

478 3007 661 3091 θεόόμητοι
680 3010 755 3070 Med.
774 3009 807 3080 E.

306 3161 335 3170 --
399 3133 432 3182 28
516 3117 662 3201 Βάθρον
673 3118 810 3179 πολίων.
830 3113 964 3198 βάθρον
976 3113 1109 3178 πόλεων
1121 3111 1235 3198 αὐτῆς,
1248 3112 1302 3198 ἐφ’
1317 3104 1366 3179 ὦν

480 3232 570 3293 πᾶσα
591 3224 687 3300 πόλις
710 3221 870 3309 ἀσφαλῶς
885 3223 1045 3307 βέβηκεν·
1071 3219 1242 3307 Εὐνομία,
1263 3227 1364 3310 Δίκη,

479 3336 625 3424 Είρήνη,
648 3331 793 3418 ἀδελφαὶ
809 3334 847 3399 ἐκ
863 3332 1013 3417 Θέμιδος.

297 3461 347 3512 269
407 3461 423 3512 3
473 3448 477 3456 '
521 3447 634 3511 ἕποιτο
649 3449 712 3509 Vat.
728 3449 750 3508 Β
768 3443 880 3508 ἕπεται
897 3447 1015 3508 Ουτοι)
1033 3495 1104 3509 .....
1118 3439 1138 3528 ἡ
1155 3443 1193 3508 δὲ
1211 3443 1366 3523 σύνταξις
1429 3463 1435 3481 ·

479 3555 573 3639 αὕτη.
610 3554 763 3619 ἐθέλοντι
784 3552 841 3617 καὶ
863 3553 1041 3617 ἐθέλουσιν
1060 3551 1190 3632 ἀλέξειν
1209 3552 1265 3618 καὶ
1281 3551 1365 3619 ἀπο-

479 3663 624 3750 κωλύειν
640 3662 696 3726 καὶ
719 3661 899 3745 ἐκφεύγειν
913 3657 975 3746 τήν
994 3659 1096 3745 ύβριν
1112 3661 1174 3746 τήν
1195 3660 1365 3748 θυγατέρα
1439 3742 1442 3748 ¹

478 3777 539 3839 τοῦ
560 3772 664 3859 κόρου
677 3773 697 3857 ¹)
724 3769 787 3855 τήν
800 3770 925 3856 μητέρα
946 3768 1008 3853 τήν
1028 3771 1267 3855 θρασύμυθον.
1303 3775 1365 3858 ἔχω
1416 3788 1446 3838 14

480 3884 566 3949 καλό
576 3907 612 3948 τε
627 3881 755 3969 φράσαι
770 3879 847 3966 περὶ
863 3883 932 3945 τῶν
946 3883 1153 3966 Κορινθίων,
1174 3878 1194 3967 ή
1210 3882 1316 3966 τόλμα
1330 3907 1366 3948 τε

349 4055 369 4121 Ι)
388 4059 469 4107 Hane
492 4058 578 4108 fuisse
601 4055 768 4121 quorundam
786 4055 967 4120 interpretum
985 4055 1156 4120 opinionem,
1181 4055 1357 4108 distinetione
1375 4057 1470 4108 multo-

281 4158 339 4193 rum
358 4145 386 4192 οι
403 4140 584 4206 perbonorum
601 4138 732 4190 libiorum
750 4128 835 4205 ύβριν
851 4130 953 4204 κόρου,
971 4133 1081 4205 ματέρα
1099 4129 1292 4204 θρασύμυθον
1310 4142 1472 4192 ostenditur.

281 4229 326 4278 Ita
344 4242 399 4276 non
417 4224 505 4276 solum
519 4224 670 4274 Germanus
690 4229 718 4274 et
728 4223 924 4288 Moeohopulus
936 4222 1036 4287 (Eust.)
1054 4224 1104 4274 lin.
1117 4225 1134 4272 4
1145 4239 1185 4290 sq.
1204 4225 1356 4275 sedetiam
1374 4226 1470 4274 distin-

282 4311 338 4361 etio
362 4326 392 4359 ιο
408 4311 472 4360 Par.
487 4309 519 4360 G.
540 4308 615 4358 Gott.
639 4309 703 4358 Par.
712 4307 747 4356 Ἀ.
772 4307 836 4358 Vet.
851 4307 881 4360 Ο.
894 4308 928 4357 D.
947 4309 1016 4360 Rev.
1036 4308 1071 4358 ul.
1094 4299 1243 4358 Pindarum
1267 4323 1328 4359 oum
1351 4309 1471 4359 Homero

282 4391 474 4458 (Theognide)
499 4391 650 4444 conciliare
672 4391 790 4442 student.
836 4391 895 4456 Quo
918 4392 1027 4444 nomine
1057 4393 1146 4446 editor
1170 4393 1335 4446 novissimus
1358 4393 1470 4459 egregie

281 4475 397 4532 tollitur.
