3322 5190
200 711 235 720 -
295 682 329 734 30
417 664 558 754 ηὀῧτω.
597 675 663 737 νῦν
682 669 745 754 τὴν
771 670 861 755 παρὰ
879 674 948 736 τῶν
966 675 1105 755 θνητῶν
1125 670 1264 755 μομφην

376 779 577 844 κατακλύσει
598 776 735 863 ὁῧμνος
753 778 798 858 ὥς
810 785 928 866 ψῆφον
942 784 1042 864 κῦμα.
1074 784 1180 845 λείπει
1198 779 1263 864 γὰρ

375 885 413 952 τδ
433 885 486 964 ὥς.
524 893 631 954 λείπει
654 887 693 953 τὸ
708 893 834 976 ἴδωμεν
851 887 1132 975 ἢθεωρήσωμεν,
1156 887 1202 954 ἵν’
1224 879 1262 974 ᾗ

291 1039 295 1048 ·
372 981 463 1081 ’[νῦν
487 999 727 1082 σκοπήσομεν,
755 997 844 1074 ὅπως
865 995 903 1064 τδ
927 996 1090 1084 ἡμέτερον
1110 1004 1262 1081 usquead

376 1107 577 1193 λοιδορίαν].
612 1113 674 1172 lam
697 1117 862 1190 sequuntur
880 1111 933 1192 (27)
948 1103 971 1192 ἢ
986 1105 1083 1172 οὕτω.
1107 1111 1187 1192 [νῦν
1202 1097 1265 1172 οὖν

377 1231 429 1278 σκ.
453 1214 506 1280 ὄπ.
529 1216 699 1301 καθάπερ]
725 1213 787 1298 τήν
810 1217 984 1298 λοιδορίαν
1005 1219 1150 1301 [ψῆφον]
1170 1239 1264 1299 usque

377 1328 413 1388 ad
430 1321 669 1410 [ἄποτίσωμεν]
688 1325 745 1390 καὶ
759 1323 998 1408 ἄποδοίσιιμεν.

419 1450 456 1513 οί
465 1450 528 1532 μὲν
543 1447 644 1533 ὅπου,
669 1452 705 1514 οί
718 1451 769 1535 δὲ]
793 1449 882 1526 ὅπως
906 1456 984 1536 (ante
1000 1474 1095 1526 corr„
1118 1463 1185 1534 post
1199 1474 1263 1517 eam
1315 1472 1345 1521 14

378 1563 409 1622 A.
427 1555 518 1644 ὅπερ)
537 1563 599 1624 Vat.
616 1563 650 1624 B.
670 1564 736 1641 (om.
752 1565 826 1625 haec
841 1563 923 1625 Caes.
938 1565 970 1644 A)

420 1683 493 1769 τὸν]
519 1682 610 1772 παρὰ
631 1689 723 1770 (Caes.
740 1690 762 1750 A
781 1685 867 1771 περὶ)
895 1689 977 1770 [τοῖν
995 1690 1131 1751 πολλῶν
1151 1685 1263 1768 λόγον.

378 1797 439 1859 Vat.
459 1798 491 1859 B.
708 1784 712 1791 ¹

421 1904 605 1987 στομάτων.
624 1902 724 1968 “ὅπον
743 1908 813 1986 (Vat.
829 1908 851 1968 B
868 1904 964 1988 ὅπως)
983 1900 1043 1969 τδν
1056 1901 1167 1987 ὕμνον
1181 1901 1266 1969 ἄπο·
1316 1923 1346 1972 15

378 2016 514 2096 τίσομεν
536 2018 658 2097 (σωμεν
672 2018 735 2078 Vat.
753 2015 785 2097 Β)
802 2016 993 2098 προςφιλοῖς
1010 2015 1062 2096 (λη
1074 2017 1136 2077 Vat.
1153 2017 1185 2096 Β)
1211 2012 1266 2077 καλ

379 2124 623 2205 κεχαρισμένως
650 2127 728 2206 (νον
752 2126 814 2186 Vat.
839 2125 878 2206 Β)
907 2125 953 2208 τῷ
980 2122 1182 2209 κομιζομένῳ
1211 2125 1264 2206 (id.

378 2235 440 2295 Vat.
455 2236 498 2316 B).
534 2226 691 2314 ἢοῦτως.
727 2230 871 2296 ὄπακαλ
893 2229 1000 2313 ὅπου,
1022 2228 1171 2314 ἤτοιτὸν
1186 2231 1265 2314 μέλ·-

378 2345 480 2405 λοντα
498 2339 641 2426 ᾅδεσθαι
658 2344 788 2416 κοινοῖς.
804 2400 806 2405 .
820 2337 933 2416 κοινὸς
946 2338 1010 2428 γὰρ
1027 2337 1045 2404 ὁ
1060 2317 1196 2416 ἔπαινος
1210 2339 1265 2404 διὰ

378 2446 415 2513 τὸ
433 2454 597 2514 τοιοῦτον.
630 2445 653 2533 ἢ
669 2449 718 2513 ὅτι
733 2446 789 2513 διδ
804 2446 883 2524 τοὺς
902 2449 1110 2533 πεντήκοντα
1130 2453 1203 2532 (cod.
1221 2449 1264 2532 ν’)

308 2638 315 2660 Ι
377 2557 554 2643 χορευτὰς,
577 2554 599 2641 τ’)
614 2554 657 2634 ὥς
674 2557 723 2622 ὅτι
738 2555 798 2623 τὸν
813 2558 978 2641 μέλλοντα
992 2553 1115 2642 ἡδῦναι
1135 2557 1191 2622 καί
1208 2557 1264 2641 ἐμὲ

378 2665 433 2731 διδι
453 2664 515 2751 τήν
537 2671 664 2752 φιλίαν.
701 2671 812 2732 Φίλαν
826 2671 963 2750 τίσομεν
978 2669 1024 2743 είς
1038 2667 1147 2752 χάριν,
1170 2665 1264 2751 φησὶ,

377 2780 438 2840 τοῦ
455 2777 686 2861 νενικηκότος,
716 2773 762 2840 ἵν’
785 2765 807 2860 ᾗ
830 2777 952 2859 δῆλον,
981 2776 1031 2840 ὅτι
1050 2776 1186 2861 καθαίρη
1209 2775 1265 2840 καὶ

310 2932 314 2947 .
378 2882 546 2971 ἄποτρίψη
565 2884 604 2952 τὸ
623 2884 767 2970 ὄφλημα.
888 2947 896 2980 1

421 3009 517 3098 πρὸς]
535 3011 691 3096 εἠκείμια.
725 3008 791 3096 [διὸ
808 3015 870 3076 Vat.
887 3016 920 3077 B.
940 3015 1020 3077 Caes.
1035 3016 1069 3076 A.
1315 3035 1346 3085 17

421 3139 620 3225 διαφέρουσι
637 3144 733 3205 iidem.

421 3271 610 3357 ἄργίλοφον
626 3271 693 3356 πὰρ
708 3242 833 3357 ζεφνρί
841 3276 902 3337 Vat.
909 3275 942 3346 Β,
958 3269 1164 3356 ἅργείλοφον
1179 3291 1265 3334 παν-

379 3384 540 3466 ξεφορίον
556 3387 636 3448 Caes.
653 3386 686 3446 A.

422 3505 584 3591 δυνηθεὶς
611 3487 687 3586 (δἐι.
710 3512 743 3572 Β.
770 3513 853 3573 Caes.
874 3511 913 3589 A)
936 3502 1175 3591 ὑπερενεγκεῖν
1196 3515 1266 3581 τοῖς

379 3620 529 3694 πολίταις
546 3617 736 3702 [δοκίμοος,
753 3618 932 3702 γνωσθείς]
950 3639 986 3680 τε
1008 3620 1078 3699 (om.
1099 3637 1134 3679 τε
1153 3618 1215 3679 Vat.
1230 3617 1265 3700 Β)
1325 3678 1329 3688 ,

381 3726 452 3812 [καί

391 3845 395 3856 “
422 3835 601 3922 Λοκρούς.)
618 3815 782 3918 Αοκρισία
795 3835 860 3918 γάρ
875 3858 925 3909 τις
940 3831 1084 3918 ἁρμονία
1099 3830 1202 3912 ἐστὶν,
1221 3825 1266 3913 ἢν

380 3941 524 4057 ἄσκησαι
547 3947 676 4027 λέγεται
701 3948 754 4026 (id.
777 3947 838 4006 Vat.
857 3946 889 4007 B.
910 3947 967 4006 nisi
988 3945 1067 4023 quod
1087 3938 1271 4004 ἄσκεῑσθαί
1387 3977 1392 3990 ‹

380 4061 483 4138 φασι).

381 4171 445 4236 τε,
468 4177 534 4238 243,
551 4177 645 4231 6-10
661 4155 840 4246 (ἀπέκτεινε.)
857 4168 923 4234 τε,
945 4173 1056 4227 10-12
1073 4166 1132 4232 τε,
1157 4170 1266 4224 12-22
1365 4145 1368 4151 ’

380 4250 665 4330 ΒΜΜᾋΉ

423 4374 512 4438 verba
534 4367 607 4446 νίδς
628 4373 689 4436 τοῦ
705 4368 824 4452 ’Ἄρεος
843 4391 900 4434 om.
923 4372 1044 4433 Βρομί
1067 4377 1096 4432 et
1120 4371 1152 4430 A.
1177 4371 1264 4432 etiam
1315 4387 1347 4438 ιο

381 4482 442 4545 Vnt.
459 4484 492 4546 B.
1258 4492 1260 4498 ·

234 4599 332 4636 ιοαοτ.
350 4599 429 4636 cm.
1147 4577 1167 4638 4
