3322 5190
809 505 851 560 ΑΙ)
873 503 993 560 OLYMP.
1015 501 1057 558 ΙΙΙ.

316 656 350 707 90
385 655 417 706 33
429 671 465 720 aq.
533 637 664 717 ἔπειτα,
1049 623 1121 692 ὅδὲ
1132 625 1344 712 Ἀρίσταρχος
1355 625 1376 709 1)
1401 645 1486 694 Insar.

315 764 347 814 οι
391 763 464 827 tas-n
492 753 537 809 ur.
555 747 601 830 ί),
630 757 741 812 24-26
754 749 788 806 Μ,
806 744 873 826 (n).
901 755 944 811 οι.
960 751 1079 809 35—92
1094 745 1171 805 ιοΜ.
1190 740 1250 822 (u).

317 900 351 909 -
410 873 441 924 21
532 854 692 940 γράψαι]
723 847 746 936 ν]
775 850 862 916 οῦτω
891 850 928 914 δὲ
958 847 1193 939 λογισθήσεται
1225 844 1299 929 ε’μολ
1330 843 1378 908 ὅτι
1435 863 1450 912 7

492 965 650 1049 παρέστη,
671 961 730 1027 έάυ
741 964 763 1046 ²)
780 973 850 1036 τοῖς
863 960 1089 1043 Τυνδαρίδαις
1104 955 1224 1042 ἀρέσω,
1246 951 1379 1041 εὑρόντι
1456 989 1465 995 -

492 1073 620 1159 τρόπον
639 1075 840 1154 νεοσίγαλον
856 1068 913 1134 καὶ
929 1072 1161 1150 νεοποίκιλον,
1185 1065 1260 1142 άςτ’
1279 1067 1379 1151 ἐναρ-

492 1181 593 1266 μόσαι
625 1180 746 1267 φωνην
773 1177 994 1264 ἀγλαόκωμον
1025 1179 1063 1244 ἐν
1092 1179 1217 1270 πεδίλῳ
1244 1179 1377 1262 Δωρίῳ.

493 1290 592 1358 τοῦτό
608 1294 700 1357 ἐστιν
714 1288 735 1376 ἡ
751 1289 916 1368 σύνταξις.

430 1438 445 1477 ·,
536 1405 763 1486 Νεοσίγαλον·
794 1402 1025 1464 νεοποίκιλον·
1062 1393 1196 1485 εὑρόντι
1222 1395 1278 1462 καλ
1307 1398 1380 1461 ε’πι-
1435 1420 1452 1469 8
1512 1423 1524 1440 ·

494 1510 654 1598 νοήσαντι
677 1511 804 1596 τρόπου
830 1509 887 1575 καλ
910 1505 1077 1575 ὑπόθεσιν
1098 1512 1159 1573 τοῦ
1181 1507 1309 1593 γράψαι
1335 1508 1381 1581 είς

496 1623 663 1701 Θεοξένια.

494 1742 540 1797 Τι’.
559 1735 678 1817 (nonii.)

534 1840 623 1908 Ἐπεὶ
651 1841 686 1906 οί
708 1841 868 1925 στέφανοι
891 1840 926 1904 οἱ
944 1839 1136 1923 ζευχθέντες
1158 1839 1221 1922 μὲν
1247 1835 1304 1904 καὶ
1326 1858 1381 1902 πε·
1432 1858 1462 1907 12

496 1952 611 2028 σόντες
626 1950 681 2016 nn
693 1962 762 2050 τρῖς
773 1953 841 2014 νῦν
856 1951 970 2015 ἳππων
980 1948 1094 2035 θριξὶν
1109 1947 1309 2014 ἀπαιτοῦσιν
1325 1947 1381 2030 ἐμὲ

540 2172 717 2256 Θήρωνα]
746 2165 816 2235 ὅδὲ
831 2173 922 2246 νοῦς.
951 2168 1031 2245 όίςτε
1047 2171 1206 2253 συμμῖξαι
1227 2171 1274 2256 τῷ
1288 2165 1382 2249 παιῦλ
1432 2185 1462 2236 16

451 2345 454 2350 ,
496 2285 557 2346 τοῦ
577 2280 811 2365 Αἰνησιδάμου
831 2278 1042 2365 πρεπόντως,
1072 2276 1135 2362 τὴν
1154 2278 1325 2362 φόρμιγγά
1348 2300 1383 2341 τε

497 2391 559 2476 την
574 2390 828 2476 ποικιλόγαρυν,
848 2387 904 2454 καλ
918 2387 981 2474 τὴν
996 2387 1082 2472 βοὴν
1097 2392 1165 2452 τεόν
1180 2385 1306 2470 αῦλιόυ,
1322 2385 1384 2470 τὴν

496 2502 596 2567 θέσιν
610 2525 646 2566 τε
668 2503 737 2565 τοῖν
758 2500 882 2583 ἐπέων,
903 2496 1011 2583 ἤγουν
1028 2501 1215 2582 συμβαλεῖν
1231 2493 1323 2583 αῦτςῦ
1338 2502 1384 2584 τῷ

500 2611 636 2698 Θήρωνι
650 2622 719 2686 τοῖς
739 2606 868 2694 ῦμνοις.
901 2607 939 2674 τό
956 2608 993 2673 δὲ
1009 2607 1210 2692 πράσσοντι,
1231 2605 1308 2673 ἀντὶ
1324 2610 1385 2671 τοῦ
1416 2679 1425 2692 ⁶

498 2719 711 2786 ἀπαιτοῦντι·
729 2719 868 2805 πράσσω
884 2716 948 2804 γάρ
965 2721 1119 2802 σημαίνει
1133 2715 1172 2782 τὸ
1186 2716 1326 2800 ἀπαιτοῖ,
1351 2717 1384 2794 ἐξ

499 2821 541 2896 οῦ
562 2830 618 2895 καλ
638 2831 813 2916 πράκτωρ·
838 2823 862 2914 ἦ
884 2828 1130 2914 είςπράττονσι·
1154 2826 1211 2894 καὶ
1232 2825 1278 2892 δι’
1303 2828 1387 2911 ἐμοῦ

499 2939 757 3016 ἀνταιτωτικιῦς.

325 3095 359 3104 -
422 3067 452 3116 lt
542 3049 662 3135 χρέος]
685 3049 836 3114 τουτέστι
849 3046 888 3113 τὸ
900 3048 1109 3113 θεόκτιστον.
1435 3064 1465 3113 17

279 3209 282 3215 ι
326 3205 358 3215 -
419 3175 453 3226 29
543 3161 714 3244 κοτίνου]
739 3153 762 3242 ν]
788 3155 903 3235 οὕτως.
947 3147 1042 3245 ᾧτινι
1069 3155 1087 3221 ὁ
1112 3155 1261 3234 Αἰτωλός
1287 3156 1385 3244 ἀνὴρ,
1434 3173 1467 3224 19

371 3353 394 3420 ¹)
413 3351 537 3402 Eandem
555 3349 684 3399 lacunam
703 3365 720 3398 a
732 3365 767 3398 m.
780 3365 823 3415 pr.
840 3348 939 3400 habuit
955 3349 1018 3400 Vat.
1031 3348 1063 3412 B,
1083 3363 1164 3413 quam
1176 3363 1211 3398 m.
1225 3364 1280 3400 aaa.
1300 3350 1422 3417 explevit
1434 3340 1492 3416 ῦ,τε

305 3429 376 3497 Ζεῦς
399 3434 448 3488 καλ
463 3427 611 3502 Ἡρακλῆς.
647 3434 736 3495 Quum
755 3432 836 3484 Caes.
849 3434 873 3483 A
891 3449 925 3484 ex
943 3448 1045 3498 genera
1064 3437 1161 3498 quarto
1180 3434 1229 3496 ait,
1252 3435 1357 3486 VanB
1382 3437 1492 3502 generis

302 3521 396 3588 primi,
416 3521 527 3571 esthon
547 3519 618 3567 inter
636 3518 741 3568 indicia
760 3523 805 3568 sat
821 3517 1023 3579 memorabilia,
1042 3519 1134 3570 omnia
1153 3518 1270 3569 omnium
1289 3519 1416 3570 codicum
1428 3521 1499 3570 Pin--

303 3605 457 3655 daniconum
477 3619 582 3668 genera
600 3601 675 3665 (nam
692 3603 805 3652 tertium
823 3605 884 3654 sine
903 3602 986 3652 dubio
1004 3603 1047 3652 his
1066 3602 1298 3653 adnumerandum
1317 3609 1372 3667 est,
1396 3605 1426 3655 ft.
1447 3620 1492 3654 ex·

303 3689 459 3754 aipiemlum
478 3687 565 3737 solum
584 3686 743 3751 secundum)
763 3703 796 3737 ax
813 3702 868 3736 uno
886 3686 957 3737 libro
975 3702 1048 3736 nunc
1067 3687 1175 3749 amisso,
1196 3687 1244 3737 sed
1262 3692 1384 3756 tempora
1397 3689 1492 3738 Icono-

302 3773 430 3824 machine
449 3773 595 3838 superstite
615 3775 675 3822 orta
693 3785 764 3821 asae.
799 3771 921 3822 Nucleua
940 3771 1013 3820 anim
1031 3769 1199 3821 Scholiorum
1216 3774 1348 3824 Veterum
1366 3772 1493 3824 videntur

304 3873 426 3920 eaesae,
447 3870 517 3922 quae
534 3856 634 3906 Vat.B
653 3856 837 3917 continentur,
856 3871 910 3906 non
929 3858 1061 3920 excerpta
1080 3871 1113 3906 ex
1131 3857 1234 3907 malam
1253 3873 1366 3923 corpore
1384 3856 1494 3922 generis

305 3942 404 4006 quarti,
423 3941 472 3992 sed
490 3956 560 4006 quae
578 3939 669 3990 inhia
687 3939 837 4003 accedunt,
856 3941 936 4006 quasi
953 3941 1097 4005 putamina
1115 3946 1179 3990 aunt
1197 3923 1403 4002 vaticanorum,
1423 3955 1493 4004 quae

306 4025 467 4076 admodum
485 4025 680 4075 chronicorum
698 4024 807 4074 madiae
826 4026 928 4075 aetatis
948 4040 965 4074 a
982 4026 1179 4076 vetustioribus
1191 4026 1335 4089 Byzantiis
1354 4023 1494 4091 augeban-

304 4113 356 4158 tur.
379 4135 414 4144 -
429 4109 524 4174 Neque
544 4109 626 4158 aliter
642 4123 687 4158 res
705 4108 833 4160 sehabet
851 4109 884 4159 de
903 4112 989 4158 textu.
1024 4109 1077 4159 Eat
1094 4110 1167 4160 inter
1185 4111 1350 4160 vetustiores
1363 4109 1494 4174 cuiusque

306 4193 415 4258 generis
432 4191 517 4242 libros
535 4191 596 4258 plus
616 4208 774 4257 consensus,
794 4194 923 4259 quoniam
942 4209 959 4242 a
977 4194 1113 4244 communi
1132 4194 1237 4260 origine
1254 4197 1367 4260 propius
1386 4194 1494 4250 absunt,

305 4277 354 4328 aed
372 4275 507 4342 permulta
524 4277 595 4328 vitia
613 4278 642 4326 in
660 4277 785 4328 omnibus
803 4294 870 4343 quos
883 4278 1016 4329 habemus
1033 4278 1111 4329 libris
1123 4283 1234 4344 propter
1253 4279 1369 4330 eandem
1382 4292 1495 4328 causam

305 4362 488 4426 reperiuntur.

373 4451 394 4515 ¹)
412 4455 504 4505 Etiam
521 4454 569 4505 lin.
585 4453 616 4505 18
635 4471 728 4506 omnes
747 4455 801 4504 mei
819 4453 884 4506 libri
903 4461 931 4506 et
948 4455 1024 4507 Rom.
1044 4446 1108 4519 ἐάν,
1127 4469 1181 4504 nou
1200 4452 1257 4505 ἵνα.
