3322 5190
617 346 792 396 memnones
816 354 971 395 cmrronn.
1350 343 1385 390 xl

202 507 297 567 Pauca
322 513 434 566 tanturn
457 504 493 565 de
515 504 616 564 lstbm.
637 502 676 563 lll
700 503 853 582 permittas
875 511 905 562 ut
928 501 1071 562 adiiciam.
1117 500 1245 584 Dirisum
1269 519 1387 562 carmen

203 616 249 668 est
270 608 299 668 in
321 611 381 668 Vat.
397 606 437 680 B,
466 605 654 666 coniunctum
674 605 704 664 in
723 603 797 663 Med.
816 603 848 664 B.
893 603 969 663 ilinc
997 604 1106 662 lactum
1134 610 1178 662 est
1206 611 1238 662 ut
1257 603 1385 663 Romana

202 709 350 780 divideret,
372 707 474 768 Aldina
495 707 571 786 (nam
594 705 760 785 interpolati
781 703 898 764 codices
920 722 954 763 ex
971 703 1082 764 Medii
1105 703 1244 783 pendent)
1267 703 1389 764 coniun-

201 818 292 889 geret.
339 810 490 888 Leguntur
506 807 598 867 'etiam
620 807 650 866 in
673 805 777 866 Vatss
802 805 904 864 eadem
927 805 1054 882 quaein
1076 805 1175 866 Rom:
1203 806 1264 864 Τοῦ
1286 798 1387 882 τετάρ-

201 932 254 970 του
269 909 367 981 εἴδους
384 897 597 985 innocentiani
619 900 638 983 ἡ
659 899 853 985 ἀντίστροφος
868 903 918 964 καὶ
940 898 959 982 ἡ
978 901 1090 989 ἐπῳδὸς
1105 894 1307 982 ταύτᾶμέτρα
1329 903 1389 982 ἔχει

201 1014 243 1096 τῷ
257 1013 353 1094 κρίκῳ.
398 1010 649 1091 subscriptionem
670 1017 768 1070 lamen
788 1005 868 1078 τέλος
888 1007 942 1066 τοῦ
958 1000 992 1086 γ’
1005 1008 1066 1066 τῶν
1088 1006 1227 1084 ἰσθμίων’
1239 1005 1337 1078 εἴδους
1359 1014 1389 1066 et

203 1114 425 1194 inscriptionem
445 1112 540 1191 quarti
560 1112 637 1189 quod
659 1111 808 1171 serebatur
829 1108 967 1170 carminis
986 1109 1050 1188 ipse
1063 1109 1219 1187 Callierges
1242 1108 1388 1169 addidisse

203 1215 323 1276 videtur.
369 1214 486 1274 Lacuna
513 1221 609 1273 autem
639 1212 669 1272 in
698 1211 802 1271 Vat.B
831 1210 1016 1289 lnsoriptioni
1043 1217 1124 1290 patet
1152 1218 1183 1271 ut
1210 1211 1240 1270 in
1267 1210 1388 1288 reliquis

201 1315 339 1390 Isthmio,
363 1333 437 1392 quae
453 1333 540 1376 causa
563 1320 607 1374 est
624 1311 835 1391 numerationis
858 1313 1008 1374 confusae.
1049 1312 1208 1391 Callierges
1230 1312 1307 1372 enim
1328 1331 1388 1373 non

201 1419 295 1479 solum
310 1416 407 1478 Vat.B
431 1413 571 1488 adhibuit,
597 1413 659 1488 sed,
682 1413 759 1492 quod
775 1413 864 1474 multa
886 1409 1053 1488 ostendunt,
1075 1414 1104 1473 in
1126 1413 1288 1493 posteriore
1305 1423 1388 1494 parte

203 1519 362 1580 carminum
397 1516 514 1596 saepius
550 1515 614 1595 ipsa
643 1515 744 1575 Aldina
779 1534 850 1576 usus
882 1523 935 1574 est.
987 1513 1028 1574 lta
1062 1515 1148 1574 etiarn
1177 1515 1388 1594 lnsoriptiones

203 1620 384 1682 isthmiacum
401 1619 521 1679 odarum
538 1617 665 1678 indidem
681 1617 773 1697 petiit.
797 1652 832 1661 —
855 1617 956 1694 Neque
970 1615 1150 1677 reticendum
1168 1616 1257 1677 estin
1273 1616 1347 1676 Med.
1363 1617 1386 1677 Β

201 1723 287 1783 etiam
310 1721 411 1782 lsthm.
435 1719 461 1779 ll
490 1738 555 1780 curn
578 1717 618 1780 lll
639 1728 726 1797 atque
748 1709 849 1780 lstbm.
870 1718 894 1776 V
916 1716 1010 1797 (vulg.)
1037 1736 1104 1779 cum
1127 1719 1162 1778 Vl
1183 1718 1278 1798 (vulg.)
1306 1718 1388 1779 nullo

201 1823 368 1884 discrimine
392 1820 565 1901 interposito
594 1818 748 1882 coniuncta
771 1839 852 1894 esse,
881 1819 1017 1898 idemque
1038 1819 1095 1880 iam
1124 1819 1160 1880 de
1181 1819 1264 1880 Nem.
1286 1820 1336 1880 Vll
1359 1828 1388 1880 et
1488 1842 1491 1852 ¹

200 1927 262 1987 Vlll
278 1926 388 1985 lactum
404 1942 480 1984 esse.
526 1922 641 1983 Scholia
661 1929 759 1983 tamen
777 1921 879 1982 lsthm.
895 1921 921 1980 ll
943 1941 959 1981 a
978 1919 1103 1982 Soholiis
1118 1919 1220 1982 lsthm.
1237 1921 1277 1982 lll
1297 1922 1387 1982 divisa

201 2035 284 2100 sunt,
308 2026 359 2087 sed
382 2025 484 2086 lstbm.
500 2025 548 2085 lll.
565 2023 601 2082 lV
616 2031 644 2084 et
659 2023 691 2084 V.
707 2023 742 2082 Vl
762 2042 799 2083 ne
820 2024 850 2082 in
874 2023 1000 2083 Scholiis
1020 2021 1138 2100 quidem
1161 2032 1343 2103 separantur.

284 2144 387 2204 lsthm.
403 2141 458 2217 ΙΙΙ,
475 2142 515 2204 36
531 2141 640 2215 =1v‚
657 2141 694 2202 31
717 2131 767 2200 ἅτε
788 2160 848 2200 non
870 2140 1019 2202 invectum
1039 2160 1055 2202 a
1080 2141 1221 2221 Gallierge
1244 2143 1296 2203 sed
1315 2143 1388 2204 hau-

200 2256 278 2308 stum
307 2265 342 2306 ex
363 2245 424 2305 Vat.
445 2245 485 2319 B,
513 2243 593 2322 quod
620 2242 720 2304 nescio
744 2261 782 2303 an
807 2243 940 2303 nonnihil
971 2243 1086 2304 adiuvet
1115 2227 1166 2326 ᾇκε
1190 2245 1386 2306 Panwianum.

201 2349 309 2410 Contra
326 2346 590 2424 111‚63=1V,77
614 2336 702 2404 εἰκών
723 2343 813 2405 solius
827 2343 977 2423 Calliergis
999 2345 1056 2406 fide
1076 2345 1187 2419 nititur,
1209 2365 1269 2406 non
1285 2345 1386 2419 vnn,

200 2451 250 2530 qui
271 2443 361 2508 εἰκώσ
387 2467 452 2508 cnm
474 2447 537 2508 rell.
561 2446 697 2508 omnibus
719 2445 802 2506 libris
825 2445 929 2520 babet,
960 2446 1036 2524 quod
1058 2446 1137 2507 haud
1162 2447 1224 2508 scio
1249 2465 1287 2506 an
1314 2466 1388 2507 non-

200 2551 272 2613 nihil
294 2551 427 2612 detrahat
447 2547 536 2608 εἴκων
556 2547 748 2629 Meinehiano.
777 2582 820 2592 —
848 2547 903 2622 111,
926 2550 961 2608 71
981 2547 1087 2623 =1v‚
1108 2548 1147 2610 89
1176 2547 1256 2610 solus
1278 2549 1339 2609 Vat.
1363 2548 1386 2608 B

199 2645 333 2732 ἄκομπος
353 2658 500 2733 praestat,
524 2650 715 2730 Aeschyleum
738 2649 927 2730 vocabulum,
947 2667 1001 2729 pro
1023 2641 1192 2728 ἄκαμπτος,
1215 2669 1269 2712 nec
1291 2649 1389 2730 paruit

201 2756 369 2834 Callierges.
390 2786 431 2800 —-
449 2753 498 2828 lll‚
517 2752 556 2814 89
572 2777 614 2804 =
628 2751 674 2825 lv,
694 2749 752 2813 tro
767 2750 841 2812 nihil
855 2749 952 2812 auxilii
968 2759 1013 2812 est
1031 2751 1107 2830 apud
1127 2752 1188 2813 Vat.
1202 2753 1235 2812 B.
1274 2751 1389 2812 Omittit

200 2857 339 2938 syllabam
362 2863 394 2916 ut
414 2855 478 2915 rell.
502 2872 561 2914 non
584 2852 760 2932 interpolati.
805 2851 877 2912 Nam
900 2842 954 2928 τὴν
980 2871 996 2912 a
1023 2852 1153 2914 metricis
1179 2854 1388 2934 interpolatum

200 2977 265 3020 esse
283 2958 424 3018 librorum
453 2952 554 3033 quiid
577 2954 686 3014 habent
711 2961 815 3015 natura
837 2953 974 3015 ostendit.
1019 2954 1089 3015 Mihi
1112 2952 1162 3015 καὶ
1184 2965 1252 3017 ante
1273 2955 1388 3015 παίδων

199 3057 409 3140 haplographia
425 3057 568 3118 excidisse
583 3056 705 3130 videtur,
727 3056 766 3116 ita
789 3064 822 3117 ut
836 3053 887 3115 καὶ
901 3054 1016 3115 παίδων
1030 3057 1131 3136 τρίταν
1152 3058 1281 3120 scribere
1301 3077 1387 3138 opor·

84 3165 87 3171 '
165 3170 267 3223 ‘teat
300 3159 479 3220 vetustiores
500 3159 674 3238 interpretes
695 3157 731 3218 de
750 3177 807 3218 una
823 3165 936 3218 tanturn
952 3157 1060 3220 Melissi
1081 3159 1202 3221 victoria
1222 3160 1299 3221 inter
1315 3179 1389 3240 pue-

198 3283 248 3324 ros
270 3267 417 3340 reportata
439 3279 532 3338 eaque
551 3261 649 3340 priore
669 3278 728 3320 non
745 3259 913 3320 dubitantes
935 3261 1060 3322 sortasse
1081 3260 1158 3320 idem
1181 3261 1323 3339 legerunt.
1345 3295 1386 3306 —
1439 3329 1442 3334 ¹

199 3366 231 3425 ln
260 3383 301 3424 vs.
334 3362 466 3442 proximo
495 3363 625 3422 futurum
653 3355 826 3438 κωμάξομαι
854 3361 911 3420 iam
935 3379 951 3420 a
975 3361 1174 3441 compluribus
1204 3381 1237 3422 ex
1261 3362 1387 3425 Scholiis
1415 3371 1418 3380 ’

199 3473 312 3527 erutum
332 3465 521 3524 confirmatur
541 3462 616 3521 Med.
632 3463 666 3536 B,
686 3462 748 3522 Vat.
763 3463 804 3537 E,
823 3461 858 3522 al.

282 3584 362 3644 Haec
380 3582 489 3652 haheo,
512 3581 556 3641 vir
576 3557 838 3662 praestantissime.
873 3581 969 3642 Pauca
989 3589 1068 3656 sunt,
1090 3581 1191 3656 fateor,
1215 3583 1267 3644 sed
1289 3591 1387 3644 tamen
1423 3585 1424 3588 ’

198 3707 233 3748 ex
255 3684 387 3761 diligenti
408 3683 549 3744 librorum
572 3683 756 3763 inspectione
778 3683 950 3762 conquisita.
995 3682 1077 3754 Quae
1097 3683 1161 3744 'libi
1184 3693 1320 3764 excerpta
1344 3687 1388 3745 ol·

197 3791 260 3850 fero
282 3794 314 3847 ut
337 3796 366 3846 et
388 3803 449 3846 rem
474 3785 569 3865 ipsam
590 3786 738 3866 proferam
761 3793 790 3846 et
813 3787 941 3846 animum
965 3785 1060 3846 Tuum
1081 3803 1164 3846 meae
1187 3804 1294 3866 operae
1317 3805 1388 3846 con-

198 3889 309 3963 ciliem,
336 3906 396 3948 non
426 3895 456 3946 ut
482 3887 633 3964 gloriolam
660 3888 728 3948 inde
757 3896 881 3967 captem.
928 3886 1022 3957 Quam
1051 3887 1076 3948 si
1105 3894 1269 3948 sectatnms
1298 3907 1388 3964 eram,

196 3990 307 4051 maiore
335 3988 522 4052 festinatione
550 3987 591 4049 uti
619 3987 813 4068 oportuisset,
849 3987 986 4064 qnoniam
1013 3988 1137 4067 plurima
1159 3988 1216 4048 iam
1244 3996 1311 4050 ante
1331 3990 1387 4051 hos

198 4091 352 4152 duodecim
381 4107 474 4154 annos
504 4089 626 4150 collecta
653 4089 806 4150 habebam.
856 4091 892 4150 At
917 4105 1005 4166 quum
1030 4089 1087 4150 vita
1114 4090 1228 4168 magnis
1257 4091 1328 4152 mihi
1358 4101 1388 4153 et

197 4192 298 4272 multis
326 4191 475 4252 aerumnis
496 4191 621 4252 obnoxia
649 4191 736 4252 luerit
757 4208 918 4268 quaecum
946 4190 1056 4270 patriae
1077 4199 1196 4252 nostrae
1222 4193 1387 4254 calamitate

198 4295 390 4357 cohaerentes
420 4291 470 4353 diu
502 4309 550 4351 me
577 4311 636 4352 non
664 4290 758 4352 solum
787 4309 804 4350 a
834 4291 944 4352 civibus
976 4293 1050 4354 meis
1078 4293 1130 4354 sed
1158 4294 1245 4354 etiam
1270 4293 1306 4354 ab
1338 4295 1386 4356 his

197 4396 301 4458 studiis
324 4394 441 4457 exulare
464 4393 629 4465 iusserunt,
653 4393 762 4455 curabo
784 4402 882 4454 tamen
904 4413 942 4455 ne
964 4394 1083 4456 omnino
1105 4401 1236 4475 pereant.
1280 4395 1312 4456 ld
1335 4415 1388 4457 au·

197 4505 257 4560 tem
285 4514 340 4576 ago
369 4504 402 4558 ut
427 4496 612 4560 traditionem
640 4496 801 4558 carminum
824 4495 1062 4570 Pindaricorum‚
1091 4514 1165 4577 quae
1193 4515 1228 4558 ex
1255 4497 1386 4576 diligenti
