3322 5190
691 300 864 373 dauernoun
888 327 1045 370 carmena.

929 476 1012 536 θεῶν
1036 465 1062 534 δ’
1087 466 1158 536 όπιν

467 575 641 660 όφθονον
663 577 766 648 αἰνέω,
790 575 953 657 Ξέναρνες,
973 571 1127 656 ὑμετέραις
1149 573 1259 654 τύχαις.

359 703 441 782 Pyth.
459 701 506 775 XI,
525 699 560 760 21
578 723 621 752 =
636 698 676 759 32
698 685 820 776 πόρενσ’
845 695 913 770 (non
937 695 1036 756 vitium
1054 696 1200 756 Romanae
1222 687 1348 773 πόρεν’),
1372 693 1461 754 24:

244 805 251 816 '
275 805 315 866 38
340 800 557 880 δαμαζομέναν,
580 801 722 861 lectiones
742 798 887 874 Triclinii,
911 797 997 857 etiam
1020 796 1050 856 in
1073 795 1185 871 Vat.B;
1213 796 1283 856 item
1308 795 1348 859 25
1363 819 1405 848 ε
1420 794 1460 855 39
1574 859 1576 863 ,

275 899 405 982 ἐννύχιοι
426 903 647 966 Schmidianum
667 901 697 961 in
718 900 836 976 eodem3
858 899 984 976 denique
1007 896 1102 958 26:
1116 897 1151 955 41
1179 889 1361 974 ἆμβλόλιον,
1383 896 1460 974 quod

275 1005 497 1068 Schneidewino
521 1021 636 1082 quoque
660 1021 693 1063 ex
713 1001 816 1062 eodem
835 999 957 1060 relatum
981 1017 1046 1059 esse
1067 998 1158 1073 video,
1181 1016 1358 1077 quamquam
1380 998 1462 1058 illum
1525 1079 1529 1086 .

274 1107 444 1169 collatorem
463 1098 766 1185 plurima‘neglexisse
788 1109 917 1181 apparet.
939 1135 982 1145 -
999 1099 1123 1160 Maxime
1140 1119 1209 1161 vero
1225 1099 1360 1160 notabilis
1375 1100 1462 1160 huius

275 1207 384 1270 codicis
403 1205 505 1280 lectio,
534 1223 620 1284 quam
643 1205 761 1266 Fulvius
784 1203 908 1293 Ursinus
936 1221 989 1264 suo
1012 1217 1128 1279 quoque
1156 1201 1291 1262 editionis
1315 1201 1463 1262 Romanae

275 1309 409 1388 exemplo
433 1307 606 1387 adscripsit,
631 1314 676 1368 est
697 1325 738 1367 vs.
762 1304 802 1365 56
817 1323 858 1378 sq.
875 1327 918 1356 =
934 1303 974 1364 86
990 1298 1214 1379 εμμέλανος
1236 1294 1263 1360 δ’
1287 1291 1463 1379 εὀχαιιδιν

275 1410 415 1470 καλλίονα
437 1401 648 1469 θανόιονέ
749 1405 802 1484 (vel
818 1401 862 1482 ἐμ,
885 1405 1006 1484 reliquis
1025 1403 1142 1464 madore
1160 1404 1273 1486 delatis)
1296 1397 1464 1488 γλοιοιόιᾷ

272 1511 375 1594 γενεᾷ,
397 1511 506 1572 omisso
527 1499 575 1568 o'cv'
600 1497 720 1582 veliin,
744 1507 820 1584 quod
845 1513 873 1566 et
895 1506 1143 1574 constructionem
1161 1505 1316 1566 verborum
1338 1504 1459 1584 impedit

271 1631 366 1690 neque
388 1611 557 1689 agnoscitur
575 1609 765 1672 ascholiasta
787 1608 950 1688 posteriore
970 1606 1046 1688 (nam
1062 1627 1091 1686 p.
1104 1607 1178 1685 420,
1196 1607 1231 1665 14
1255 1615 1300 1668 est
1322 1607 1354 1668 in
1367 1605 1458 1667 Vat.B

271 1721 303 1774 ut
323 1714 353 1774 in
375 1713 458 1774 Rom.
482 1710 606 1790 μέλανος
628 1709 659 1771 δὲ
681 1703 825 1775 θννόιον,
847 1709 900 1768 τοῦ
918 1700 1003 1792 ᾅδου,
1026 1709 1154 1787 φησίν),
1177 1711 1290 1770 firmato
1309 1728 1378 1769 vero
1403 1696 1459 1770 Ge-

271 1814 360 1874 nitivo
382 1806 534 1890 θανάτου,
563 1831 650 1892 quem
678 1820 706 1872 et
730 1810 894 1872 Scholiasta
916 1809 1055 1871 habuisse
1083 1810 1209 1884 videtur,
1240 1816 1269 1870 et
1292 1811 1458 1903 Sclrmidips

270 1921 358 1992 atque
376 1915 562 1976 Hermannus
583 1913 711 1974 indidem
736 1919 879 1972 eruerant.
921 1903 972 1978 Ἐν
995 1911 1058 1972 sine
1080 1910 1168 1972 dubio
1191 1920 1362 1992 corruptum
1382 1920 1436 1973 est.

355 2033 511 2112 Pyth.Xll‚
528 2035 624 2094 4=7
648 2030 756 2091 latebat
776 2031 929 2107 hucusque
950 2029 1036 2090 lectio
1058 2027 1232 2090 Tricliniana
1251 2021 1286 2088 θ’
1306 2029 1398 2106 ἱλαος,
1422 2032 1457 2092 ad

270 2133 432 2196 tollendum
453 2135 563 2195 hiatum
587 2133 758 2212 excogitata.

352 2235 463 2296 Addam
486 2235 627 2296 nonnulla
650 2253 685 2293 ex
705 2233 807 2314 primis
827 2231 954 2294 Nemeis.
1000 2232 1031 2292 ln
1054 2233 1111 2292 tine
1131 2232 1217 2311 primi
1240 2232 1377 2296 carminis
1394 2235 1458 2314 pul-

149 2359 163 2380 ’
271 2335 407 2396 cherrimi
424 2336 490 2397 Par.
507 2340 527 2397 Α
547 2355 613 2397 cum
627 2334 843 2414 Moselmpuleis
856 2329 993 2410 αἰνήσειν
1007 2325 1113 2412 γόμον,
1137 2333 1240 2408 vanc,
1258 2335 1374 2397 Caesel
1391 2355 1458 2398 cum
1552 2349 1559 2362 '

269 2435 454 2498 Triclinianis
474 2431 608 2515 αἰνήσειν
629 2430 734 2515 δόμον,
762 2435 862 2496 Vat.B
886 2426 999 2512 αἰνήσει
1022 2427 1113 2512 δόμον
1142 2436 1230 2514 (quod
1253 2436 1362 2515 Augtl
1384 2437 1459 2499 indi·
1488 2519 1493 2529 Ι
1574 2519 1578 2526 Ι
1652 2503 1653 2514 ,

269 2537 336 2598 dem
358 2539 472 2619 repetit)
494 2559 582 2620 supra
603 2539 711 2618 scripta
730 2545 827 2598 vetere
845 2536 942 2616 glossa
964 2559 1010 2616 γρ.
1027 2528 1131 2615 γόμον.
1175 2537 1210 2597 At
1232 2545 1368 2600 neumam
1390 2539 1458 2601 huic

267 2639 333 2700 loco
351 2646 451 2718 aptum
470 2648 524 2714 est,
548 2659 637 2720 quum
661 2647 689 2700 et
708 2633 828 2716 δόματα
851 2645 880 2698 et
899 2638 963 2717 ipse
981 2631 1075 2716 νόμος
1096 2639 1126 2698 in
1149 2639 1214 2718 ipsu
1226 2639 1359 2718 proximo
1373 2659 1457 2702 versu

268 2739 471 2802 antecedentia
494 2741 603 2803 iaciant
624 2749 655 2802 ut
674 2740 808 2820 repetitio
830 2757 917 2816 quam
936 2739 1060 2799 maxime
1078 2739 1223 2817 langueat.
1259 2739 1320 2801 Nec
1338 2751 1458 2822 apparet
1495 2732 1497 2738 ¹

269 2841 463 2902 Scholiastam
486 2843 658 2904 alterutrum
677 2841 798 2920 legisse:
823 2827 941 2912 οὗτινος
954 2831 1027 2912 Διός
1044 2837 1095 2899 καὶ
1113 2833 1264 2918 θανμόσει
1279 2834 1335 2918 τήν
1350 2837 1457 2902 σύνο-

249 2925 348 3013 Ιδον,
376 2934 419 3014 εἷς
443 2940 475 3004 δὲ
495 2941 527 3003 ἐκ
551 2943 611 3004 τῶν
630 2944 713 3003 θεῶν
734 2937 891 3022 γενόμενος
911 2934 1099 3019 σόννομος
1121 2940 1201 3001 ἔσται
1225 2947 1286 3014 τοῖς
1307 2935 1457 3023 οὐρανίοις

267 3045 361 3114 θεοῖς.
407 3045 519 3106 Auxilio
544 3045 622 3106 venit
645 3044 883 3122 Scholionquod
904 3044 972 3104 olim
994 3063 1010 3104 a
1032 3063 1079 3104 me
1102 3043 1211 3105 Romae
1236 3063 1271 3104 ex
1287 3045 1384 3108 Vaut}
1409 3066 1458 3108 cx-

267 3145 409 3224 scriptum
425 3165 504 3206 nunc
518 3146 548 3206 in
566 3147 685 3208 Caesel
703 3164 819 3225 quoque
832 3145 962 3206 invenio:
985 3135 1024 3206 Τό
1043 3141 1074 3204 δέ
1093 3135 1201 3222 σεμνόν
1222 3140 1370 3224 αἰνήσειν,
1390 3139 1457 3208 rival

266 3246 320 3304 τοῦ
334 3234 538 3325 εὖοιρεσιήσειν
553 3247 595 3330 τῷ
606 3241 687 3326 παρὰ
701 3239 911 3328 θεοῖςνόμῳ.
938 3237 1078 3322 ήοόιιος·
1096 3236 1457 3328 ιήνδιοινέμεσινιήν
1485 3318 1487 3322 ,
1563 3241 1569 3248 ’

265 3337 347 3427 παρὰ
361 3352 446 3420 θεοῖς
460 3343 635 3409 ἐπαινέσειν.
673 3348 754 3420 Quos
767 3357 888 3428 apparet
908 3348 1048 3410 habuisse
1071 3349 1101 3409 in
1114 3347 1271 3422 libris'suis
1286 3351 1455 3426 NOMON‚

266 3449 318 3509 sed
332 3456 430 3510 utrum
450 3446 567 3528 νόμον
583 3471 621 3512 an
635 3443 727 3528 νομόν
740 3449 905 3510 scriberent
916 3450 1087 3512 haesitasse.
1120 3451 1180 3514 lam
1193 3451 1257 3512 vide
1276 3469 1314 3512 ne
1334 3453 1456 3514 eandem

267 3549 448 3612 Scholiastae
466 3571 555 3632 supra
575 3551 683 3612 laudati
697 3560 826 3612 mentem
840 3551 931 3613 luisse
945 3571 978 3612 ex
996 3571 1067 3612 voce
1085 3545 1231 3630 σόννομος
1243 3552 1339 3632 colligi
1351 3555 1454 3634 possit.

265 3650 392 3730 Egregie
414 3654 521 3733 opinor
541 3660 626 3733 poeta
645 3653 801 3714 Herculem
822 3672 911 3732 quum
930 3653 1098 3714 iudeorum
1120 3654 1289 3716 societatem
1310 3656 1456 3738 recipere-

265 3760 314 3815 tur
333 3762 465 3816 sanctam
488 3755 582 3834 legem
605 3755 758 3833 qua·haec
781 3755 906 3816 societas
929 3762 1080 3832 regeretur
1102 3755 1244 3834 probasse
1263 3762 1351 3836 atquc
1373 3777 1456 3819 acce-

264 3855 345 3934 pisse
364 3856 442 3916 dicit.
492 3856 611 3936 Vulgata
632 3855 829 3917 vetustissima
850 3856 1192 3924 AINHOEIAOMON
1218 3877 1252 3918 ex
1273 3862 1458 3920 AINHCEI

266 3955 435 4032 NOMON‚
452 3957 561 4036 liquida
574 3977 633 4018 non
650 3957 805 4038 duplicata,
822 3957 958 4018 facillime
974 3951 1148 4037 explicatur,
1165 3952 1261 4038 γόμον
1279 3979 1313 4020 ex
1329 3960 1454 4042 imperiti

263 4056 391 4118 hominis
415 4059 596 4120 correctione
616 4060 665 4138 qui
683 4059 813 4138 proxima
837 4059 966 4138 arripuit.

349 4157 432 4218 Nem.
450 4157 485 4231 ll,
506 4158 542 4216 12
557 4185 600 4210 =
618 4161 666 4221 18.
689 4160 846 4220 Meministi
867 4159 983 4220 Erasini
998 4159 1147 4228 Schmidii
1171 4161 1220 4240 qui
1244 4163 1454 4243 ‚‚Perperan1“‚

263 4257 367 4337 inquit,
390 4259 449 4334 „in
470 4257 695 4340 προλεγομένοις
717 4261 892 4322 Nemeorum
916 4260 1097 4322 Scholiastae
1119 4261 1240 4340 legitur:
1263 4255 1303 4340 μή
1325 4259 1454 4340 τηλόθεν

265 4351 380 4439 ὠαρίων
405 4353 576 4421 &vestanam
621 4359 673 4422 llle
691 4361 808 4438 quidem
831 4361 914 4422 locus
936 4380 1024 4439 quem
1045 4362 1145 4424 laudat
1166 4383 1226 4424 non
1256 4365 1292 4425 ad
1315 4365 1454 4444 Prolego·

263 4479 347 4524 mena
371 4461 423 4523 sed
444 4461 478 4521 ad
491 4461 573 4522 Nem.
589 4461 645 4537 1,3
667 4461 740 4541 vulg.
763 4461 898 4544 pertinet.
942 4463 1033 4526 Notas
1054 4464 1137 4525 velim
1160 4483 1226 4526 esse
1248 4483 1315 4526 vere
1338 4455 1454 4547 όαρίων
