3322 5190
280 337 299 396 4
628 353 763 396 senemr
786 351 948 394 ornarunt
968 351 1010 392 An
1031 350 1081 392 on.
1097 351 1119 391 1.

1285 493 1288 498 -

301 502 339 598 Ρύί)
400 545 433 595 29
515 529 866 616 Ὅθενὸπολύφατος.
884 529 993 614 [ὄθεν,
1009 527 1076 594 ἀπὸ
1089 533 1149 618 τῆς
1158 527 1366 611 Ὀλυμπίας]
1416 540 1447 588 14

481 646 616 708 τελικού
638 644 757 707 αἰτίου.
799 643 917 724 σοφῶν
937 640 974 705 δὲ
996 643 1167 724 μητίεσσι,’
1191 639 1367 721 ποιητικοῦ

481 756 600 818 αἰτίου.
626 751 833 836 [πολύφατος
849 751 886 814 δὲ

218 883 221 890 ’
307 839 368 912 -’
401 873 435 925 34
524 861 782 946 οίνυμνεϊσθαι.]
817 859 920 924 οἰονεί
942 861 1041 924 τούτο
1069 855 1307 935 κατασκευάζει
1332 854 1369 919 τὸ
1416 867 1448 916 111

482 976 543 1037 τοῦ
559 968 741 1055 ὑμνεῖσθαι
761 969 820 1035 τὸν
835 973 920 1034 Δία.
943 965 1054 1043 ούύείς
1075 969 1167 1032 ἐστιν
1183 966 1294 1052 ἕτερος
1316 971 1369 1030 αἰ-

483 1077 587 1165 τιοςῆ
602 1077 750 1165 ὁἹίρων.
775 1078 826 1165 [τὸ
843 1079 881 1143 δὲ

310 1231 343 1240 -
379 1202 459 1267 35eq.
525 1189 564 1256 τὸ
578 1191 615 1254 δὲ
630 1191 814 1274 ἱκομένους,
833 1186 908 1253 ἀντὶ
922 1191 996 1272 τού]
1015 1186 1162 1270 ἰκόμενοι
1176 1184 1231 1250 καὶ
1247 1189 1369 1269 [παρα-
1417 1225 1448 1236 ψ

372 1249 375 1345 ἰ
484 1300 661 1384 γενόμενοι
673 1300 772 1383 λέγει.
795 1303 836 1384 τῇ
847 1296 912 1382 γὰρ
928 1299 1093 1381 αἰτιατικῇ
1108 1293 1183 1360 ἀντὶ
1198 1293 1304 1379 ὀρθῆς
1315 1295 1369 1360 κε’-

372 1351 376 1561 Ι
485 1434 612 1494 χρηται.
633 1407 715 1494 ὅπερ
728 1407 791 1474 οὐκ
802 1405 893 1493 οἶμαι
906 1407 1008 1490 λόγον
1020 1409 1133 1492 ἔχειν]
1149 1405 1371 1470 συντάσσεται

487 1521 524 1585 δὲ
541 1519 596 1584 καί
610 1518 693 1603 μετὰ
709 1521 891 1602 αἰτιατικῆς
907 1517 962 1582 καί
978 1513 1123 1592 εὐθείας.
1137 1519 1163 1598 1)

312 1641 346 1692 26
381 1638 464 1692 3—13
487 1638 520 1692 M.
537 1635 596 1710 (R),
617 1643 724 1698 13-16
743 1639 787 1692 Tr.
806 1631 869 1710 (non
887 1635 944 1707 u),
969 1641 999 1695 17
1013 1634 1168 1698 —24'Th.‚
1191 1639 1301 1694 29—35
1320 1633 1370 1689 trie

487 1723 519 1777 Μ.
537 1721 596 1796 (R),
614 1717 662 1798 [36
679 1722 711 1778 ft.
727 1721 786 1778 Vet.
797 1721 856 1776 vide
870 1715 965 1796 infre]
995 1723 1036 1782 27,
1055 1725 1164 1780 18-23
1182 1719 1240 1782 Tr..
1261 1724 1372 1782 26—28

488 1807 520 1862 u.
540 1805 598 1880 (u).

407 1917 440 1966 28
530 1905 741 1993 θεραπεύει]
755 1901 778 1991 ἢ
793 1903 867 1971 ἀντὶ
882 1910 942 1970 τοῦ
955 1903 1125 1989 βασιλεύει
1140 1909 1198 1989 τῆς
1216 1901 1374 1988 εύύαίμο·
1401 1921 1427 1970 18
1440 1939 1477 1986 sq.

490 2042 547 2095 νος
569 2021 735 2093 Σικελίας.
768 2013 788 2101 ἡ
813 2013 878 2100 γὰρ
901 2015 1093 2099 πολύμηλος
1115 2011 1284 2098 εὐδαίμων
1308 2011 1373 2078 ἀπὸ

489 2131 611 2214 μέρους
627 2139 749 2192 νοοῑτο.
763 2127 806 2208 ²)-

411 2245 443 2297 36
535 2243 706 2303 Σκαπτον.
728 2233 826 2322 [κατὰ
835 2242 980 2321 Δωριεῖς
991 2233 1028 2300 τὸ
1040 2239 1213 2321 σκῆπτρον
1225 2238 1375 2299 σκᾶπτον
1424 2249 1454 2300 111

492 2349 636 2431 λέγεται,
655 2344 807 2431 ἀποβολῇ
821 2351 882 2411 τοῦ
897 2350 949 2432 ρ]
962 2347 990 2429 ³)
1014 2343 1114 2410 ὅτιτὸ
1130 2348 1303 2430 σκῆπτρον
1319 2349 1378 2429 τῆς

493 2459 634 2541 Θέμιδος
650 2469 719 2532 τοίς
733 2459 930 2540 βασιλεῦσιν
946 2457 1087 2522 ἐδίδοτο.

412 2575 450 2628 37.
536 2571 685 2632 Σικελία.
716 2566 799 2651 φησί
818 2565 880 2651 τὴν
900 2570 1084 2650 βασιλείαν.
1116 2563 1378 2651 περιφραστικὸς

492 2673 686 2760 δὲὸλόμος.
1028 2693 1029 2696 ’

421 2796 436 2844 7
487 2854 490 2860 ,
534 2791 592 2872 τῆς
608 2783 720 2874 ᾠδῆς]
738 2787 920 2874 πολυμάλῳ
933 2787 986 2869 δὲ,
1006 2783 1115 2870 ἤγουν
1128 2789 1170 2872 τῇ
1184 2789 1379 2872 πολυθρεμ-
1430 2789 1458 2839 19

493 2898 600 2984 μοίτφ·
626 2901 679 2979 (gl.
696 2902 787 2962 eiusd.
809 2903 872 2962 cod.
896 2897 1166 2980 πολυθρέμμονι)
1189 2891 1211 2980 ἢ
1232 2893 1381 2960 ἀπὸτοῦ

495 3009 718 3090 καρποῦτολν
735 3007 867 3090 μήλων·
893 3008 965 3070 ἐκεί
978 3004 1042 3090 γὰρ
1063 3009 1229 3090 περισσῶς
1251 3006 1380 3089 λέγεται

495 3120 633 3201 φυῆναι,
657 3109 917 3202 ἥπολυκοίρπφ·
942 3113 1168 3202 καὶὍμηρος·
1198 3112 1381 3199 καλαύτοῑς

420 3246 421 3249 ’
495 3224 616 3291 ἄνθεσι
631 3225 757 3309 μήλων.
772 3226 800 3308 4)
838 3220 874 3310 [ἢ
890 3226 1024 3310 δρέπων
1046 3223 1122 3288 ἀντὶ
1145 3228 1206 3288 τοῦ
1228 3228 1265 3310 (p.
1282 3235 1333 3301 27,
1351 3237 1379 3310 3}

365 3399 385 3462 ¹)
403 3403 477 3451 Vett.
496 3399 628 3449 librorum
645 3399 769 3448 nonnulli
781 3399 992 3462 recusatum,
1011 3399 1094 3464 pauci
1111 3399 1184 3464 iique
1204 3399 1300 3464 optimi
1318 3396 1361 3464 (ut
1373 3400 1435 3450 Par.
1449 3397 1486 3465 G)

216 3473 218 3483 '
297 3487 510 3543 Nominatum,
525 3483 635 3548 plurimi
646 3488 799 3548 utrumque,
818 3484 949 3534 Dativum
963 3482 1038 3548 (nem
1051 3483 1083 3533 de
1096 3483 1160 3533 Vnt.
1174 3485 1196 3532 P
1209 3482 1314 3547 dubito)
1327 3483 1396 3532 nulli
1408 3500 1487 3548 pree-

299 3574 382 3620 stunt.
413 3569 548 3618 Thomuni
561 3568 755 3618 Accusativum
774 3567 875 3630 solum3
895 3569 1074 3632 Mosotopulei
1090 3573 1118 3617 et
1130 3568 1295 3618 Tricliniani
1314 3573 1361 3617 eut
1373 3570 1488 3618 Datioum

300 3652 563 3704 autNominntivum
575 3652 680 3700 hubent
694 3657 741 3702 aut
753 3653 870 3716 denique
882 3657 1034 3716 utrumque.
1061 3651 1132 3713 Quid
1143 3652 1241 3701 VatB
1260 3651 1390 3702 habuerit
1407 3652 1486 3714 latet,

299 3753 359 3788 uam
378 3737 520 3802 perierunt
538 3735 607 3786 folia
619 3735 716 3800 prime.
742 3734 846 3796 Quodsi
864 3736 975 3786 codices
994 3741 1122 3786 auctores
1140 3751 1268 3801 sequere,
1288 3735 1419 3788 Detirum
1430 3736 1488 3786 Mo·
1505 3753 1509 3756 ·

300 3821 477 3886 schopuleum
496 3819 548 3884 (cf.
562 3817 603 3882 26,
618 3817 719 3884 8sqq.)
737 3819 781 3870 vix
800 3820 939 3886 prob'abis.
976 3821 1064 3871 Recte
1084 3820 1236 3870 Germanus
1255 3821 1488 3871 constructionem

299 3907 443 3956 verborum
462 3909 511 3954 aut
527 3904 725 3954 Accusativum
743 3909 791 3954 aut
807 3905 1012 3956 Nominativum
1031 3906 1176 3956 admittere
1195 3905 1275 3972 dicit,
1301 3906 1350 3956 sed
1368 3905 1437 3954 nihil
1455 3905 1488 3954 de
1561 3911 1563 3916 ’

300 3990 413 4040 Dativo.

368 4072 393 4137 ²)
412 4073 455 4122 cf.
474 4089 538 4139 pag.
551 4073 593 4136 27,
609 4073 622 4124 l
636 4091 676 4140 eq.

369 4155 391 4219 8)
409 4157 489 4220 Haeo
507 4157 590 4222 vulgo
608 4159 682 4209 inter
699 4157 767 4208 Ree.
785 4157 922 4224 leguntur.
1467 4215 1468 4220 ,

370 4237 391 4304 ⁴)
411 4241 501 4302 Quum
520 4241 650 4290 Germani
669 4243 943 4308 interpretationem,
962 4249 993 4295 ut
1011 4245 1047 4296 sir
1063 4260 1169 4310 pomosa
1187 4243 1297 4306 Sicilia,
1321 4244 1362 4293 ite
1381 4247 1491 4294 tuentur

303 4325 429 4388 codices,
453 4329 496 4384 ut,
523 4339 584 4373 eum
603 4324 666 4374 aliis
684 4325 754 4375 locis
773 4342 880 4392 semper
898 4327 989 4394 μῆλα,
1012 4321 1176 4396 πολυμήλου
1195 4328 1286 4392 (Pyth.
1299 4328 1347 4390 IX,
1362 4325 1489 4392 11:26),

304 4397 437 4474 εύμήλοιο
451 4411 502 4457 eto.
516 4406 646 4470 habeant,
659 4409 712 4458 hoe
724 4413 818 4459 tamen
829 4411 890 4461 loeo
903 4410 1037 4477 (exceptis
1051 4413 1210 4477 quibusdam
1223 4411 1382 4475 Thomanis)
1397 4424 1490 4461 ornnes

304 4489 333 4538 in
351 4489 440 4540 torma
456 4483 608 4560 πολυμάλῳ
627 4493 810 4547 consentiant.
846 4495 923 4556 Quod
946 4498 971 4546 si
989 4495 1121 4546 malorum
1138 4495 1306 4546 Medicorum
1330 4507 1400 4560 quae
1418 4509 1491 4544 nune
