3322 5190
271 283 320 356 lv¹
686 310 860 353 nrrsnonnn
884 309 1040 352 oarnrcnn.

273 463 402 540 aequalis
422 461 459 522 sit
473 461 645 522 Vaticanoll
669 461 736 522 olim
761 481 777 522 a
799 460 885 521 nobis
903 466 1041 538 tanquam
1065 458 1195 519 omnium
1218 465 1247 518 et
1267 456 1464 518 vetustissimo

274 571 304 625 et
320 563 573 644 praestantissimo
588 563 726 637 indicato,
747 562 836 624 hahet
852 549 944 620 νἰνθεῐ
960 559 1161 641 πραπίσιν·
1185 551 1280 637 ὅμως
1305 539 1353 620 ὧν
1372 560 1377 632 Ι
1397 555 1464 616 ἴσθι

274 665 347 739 νῦν;
378 665 452 726 alter
474 665 563 746 (Laid.
585 664 616 744 C)
646 663 750 724 melius
781 663 867 723 etiam
888 651 983 722 ἄνθεϊ
1005 660 1258 742 πραπίδεσσιν
1278 663 1281 740 l
1302 655 1397 738 ὅμως
1419 639 1466 717 ὧν

276 764 351 826 ἴσθι·
371 767 437 826 νῦν.
482 768 609 846 Apparet
631 765 720 844 igitur
747 783 805 824 non
828 771 895 825 ante
921 765 973 826 sed
995 771 1063 844 post
1092 783 1192 848 vocem
1221 761 1415 840 πραπίδεσσιν
1437 760 1466 819 in

276 869 334 928 fine
356 867 491 928 versiculi
513 868 586 928 duas
608 886 694 928 voees
717 885 792 944 quae
806 865 903 944 priora
927 885 993 926 cunr
1013 865 1204 943 sequentihus
1228 865 1400 944 copularent
1421 881 1469 922 ex-

277 969 394 1030 cidisse.
419 978 424 984 “
441 969 523 1039 Quae
543 968 568 1029 si
588 986 655 1030 cum
676 967 794 1029 Scholio
813 966 863 1027 illo
886 973 1112 1047 componuntur,
1136 965 1292 1027 Pindarum
1313 964 1468 1044 scripsisse

226 1075 230 1079 '
280 1078 412 1132 constat:

407 1167 439 1230 ἐκ
460 1171 536 1230 θεοῦ
558 1161 585 1229 δ’
603 1160 679 1248 ἀνὴρ
698 1174 804 1246 σοφαῖς
827 1162 925 1238 ἄνθεϊ
940 1169 1151 1249 πραπίδεσσιν·
1175 1159 1272 1246 ὁμῶς
1296 1153 1343 1229 ὧν

409 1271 475 1332 ἴσθι
495 1271 569 1346 νῦν,
589 1263 800 1351 Ἀρχεστράτου

408 1379 467 1434 παῖ
470 1415 479 1450 ,
502 1374 585 1448 τεᾶς,
602 1368 797 1453 Ἁγησίδαμε,
811 1373 987 1452 πυγμαχίας
1002 1369 1103 1432 ἕνεκεν

409 1468 519 1554 κόσμον
535 1471 583 1534 ἐπὶ
597 1469 734 1556 στεφάνῳ
749 1471 870 1554 χρυσέας
889 1471 986 1546 ἐλαίας

408 1567 541 1655 διδυμείῆ
556 1573 718 1654 κελαδήσω.

367 1697 438 1765 'lam
463 1705 596 1776 paratum
610 1697 747 1758 auxilium
772 1696 882 1757 utinam
906 1695 969 1756 aliis
992 1695 1022 1754 in
1040 1693 1315 1754 locishaberemusl
1339 1693 1469 1773 Uthh.

283 1797 316 1873 V,
342 1798 401 1860 118
424 1797 562 1870 :159,
588 1798 638 1858 uhi
659 1797 869 1877 Moschopulus
898 1777 924 1855 οἷ
945 1800 1066 1856 πλεῖστα
1090 1795 1125 1854 de
1155 1814 1208 1855 suo
1231 1796 1363 1875 scripsit,
1388 1794 1470 1874 Pyth.

285 1899 348 1974 Xll,
369 1901 386 1958 7
410 1924 452 1952 =
476 1899 512 1960 13
535 1898 586 1959 uhi
608 1891 784 1978 Γοργόνων,
807 1899 889 1959 Nem.
912 1899 933 1973 Ι,
958 1899 998 1958 52
1020 1923 1062 1950 =
1085 1895 1141 1972 80,
1171 1897 1221 1957 ubi
1243 1897 1314 1958 satis
1336 1896 1473 1976 probabi-

283 2000 350 2062 liter
369 1993 524 2079 φάσγανον
545 2000 675 2062 additum
698 2009 750 2062 est.
796 2001 899 2060 Latere
921 2007 1017 2061 autem
1031 1999 1145 2060 videtur
1166 1999 1293 2060 editores
1305 1985 1472 2059 'lriclinium

285 2121 345 2162 non
367 2101 518 2180 accepisse
540 2101 667 2180 priorem
691 2104 875 2184 scripturam,
899 2101 950 2162 sed
964 2100 1155 2181 proposuisse
1172 2101 1307 2160 alteram:
1332 2089 1416 2177 ὑμεῖς
1431 2121 1473 2178 με,

247 2283 252 2291 ¹
287 2203 385 2264 notula
410 2202 509 2262 critica
532 2203 643 2278 addita,
667 2221 754 2282 quam
775 2223 809 2263 ex
831 2203 932 2264 codice
955 2202 1123 2264 Florentino
1145 2201 1214 2282 (Abs
1229 2202 1281 2282 ΡΙ.)
1305 2201 1373 2264 olim
1396 2210 1475 2262 tran·

289 2303 476 2384 scripsimus:
500 2295 536 2362 οὐ
558 2297 614 2383 χρὴ
636 2299 763 2384 γράφειν
784 2287 807 2365 ὠ
831 2302 1034 2379 Κρονίδαι,
1058 2291 1124 2361 ἀλλ’
1148 2295 1254 2381 ὑμεῖς
1276 2324 1312 2382 με
1336 2303 1474 2382 Κρονί-

290 2405 307 2464 δ
314 2427 365 2474 αι,
390 2396 430 2463 ἶν’
455 2387 602 2487 οίιιεῖονῇ
624 2397 656 2466 cd
679 2407 776 2466 κῶλον
798 2410 859 2476 τοῖς
880 2401 937 2484 πρὸ
956 2393 1052 2465 αὐτοῦ
1072 2397 1216 2476 τοιούτοις
1235 2400 1349 2476 κώλοις.
1395 2405 1476 2464 Idem

291 2507 421 2567 eiusdem
443 2507 579 2568 carminis
603 2526 718 2569 versum
742 2517 901 2569 extremum
922 2507 962 2568 ita
984 2507 1119 2568 mutavit:
1140 2497 1261 2584 εὔχομαι
1274 2500 1432 2588 Οὐλυμπίᾳ
1447 2526 1477 2564 τε

289 2601 384 2692 τούτῳ
408 2601 497 2685 δόμεν
517 2605 604 2686 γέρας
625 2606 673 2667 ἔπι
696 2605 812 2669 Βάττου
834 2607 921 2689 μένει.

376 2709 432 2770 Sed
446 2710 471 2772 si
494 2710 524 2770 in
542 2710 587 2770 his
598 2710 672 2772 locis
694 2711 795 2790 optimi
816 2710 857 2772 illi
870 2709 986 2772 codices
1000 2707 1020 2790 ¹)
1044 2729 1099 2772 nos
1112 2709 1260 2784 desemnt‚
1286 2709 1349 2772 aliis
1369 2709 1477 2790 optime

295 2819 482 2873 succurrunt.

377 2929 416 2990 Ut
438 2929 482 2990 Ol.
499 2929 557 3005 Vll,
579 2929 618 2991 85
635 2955 678 2983 =
695 2928 754 2988 155
775 2929 855 2991 solus
877 2929 941 2990 Par.
961 2931 985 2990 G
1005 2949 1105 2991 verum
1126 2930 1235 2991 hahere
1255 2930 1368 2992 videtur

731 3023 845 3110 σἰμοῐνὲς
866 3024 891 3090 τ’
919 3027 1038 3108 ἔννομοι

650 3133 714 3191 Βοι
723 3153 746 3190 ω
753 3153 769 3191 τ
777 3133 790 3190 ί
793 3155 812 3190 α
820 3156 835 3204 ς

294 3253 347 3315 pro
369 3232 483 3311 vulgata
505 3233 629 3294 lectione
651 3233 781 3294 omnium
804 3242 932 3294 veterum
954 3233 1093 3295 librorum
1107 3217 1255 3312 Βοιατῶν,
1276 3253 1349 3313 quae
1369 3236 1398 3296 in
1420 3255 1482 3296 me-

295 3345 372 3396 trum
402 3343 515 3415 peccat.
565 3334 637 3394 Nam
666 3334 743 3412 quod
775 3335 805 3394 ln
832 3335 941 3396 nostris
973 3336 1147 3398 editionibus
1180 3337 1304 3416 legimus
1333 3330 1481 3412 Rutulum,

297 3437 426 3497 Thomae
448 3435 578 3514 Magistri
600 3436 712 3496 videtur
735 3455 800 3498 esse
823 3437 997 3499 emendatio.

382 3555 415 3615 ln
435 3554 537 3615 eodem
560 3556 688 3615 carmine
712 3553 761 3632 (vs.
779 3553 944 3636 68:124)
967 3556 1074 3617 lemma
1097 3557 1160 3616 Par.
1177 3557 1201 3616 G
1221 3565 1250 3617 et
1269 3556 1375 3618 lemma
1390 3556 1481 3618 Vat.B

296 3650 523 3716 retrocadere
544 3656 670 3732 habeut;
695 3656 772 3716 idem
789 3663 901 3716 vetusta
925 3677 1030 3718 manus
1046 3666 1077 3718 ut
1091 3657 1200 3718 variam
1216 3657 1370 3718 lectionem
1395 3678 1483 3738 supra

298 3756 416 3837 scripsit
437 3756 467 3816 in
493 3756 597 3818 Vat.B
624 3779 670 3836 γρ.
695 3747 886 3832 τελεύταθεν,
915 3766 959 3818 est
983 3759 1068 3819 etiam
1093 3750 1305 3836 ἐτελειώθησαν
1332 3761 1361 3820 in
1391 3760 1502 3824 schol„

298 3866 354 3920 vet.
381 3893 416 3902 -
447 3857 490 3918 lb.
507 3857 608 3952 20:-
613 3859 653 3919 36
675 3859 705 3919 in
728 3857 834 3918 PanG
855 3857 984 3918 τοίνυν
1005 3869 1037 3921 ut
1055 3860 1085 3920 in
1105 3861 1279 3936 Thomanis‚
1310 3869 1339 3939 et
1360 3862 1485 3921 fortasse

299 3959 377 4020 idem
401 3959 539 4020 Scholion
563 3951 626 4036 (οὖν
647 3961 718 4037 τοῖς)
741 3960 820 4037 legit.
849 3994 890 4004 —
922 3961 963 4020 lb.
982 3959 1021 4022 68
1037 3989 1080 4015 =
1101 3963 1157 4021 124
1178 3970 1224 4022 est
1246 3962 1321 4033 varia
1342 3962 1485 4041 scriptura

300 4068 413 4121 vetusta
431 4057 544 4137 μέρος
567 4061 628 4140 (pro
639 4058 747 4141 γέρας),
768 4080 843 4139 ροσε
864 4061 1004 4122 inl'ar.G
1028 4063 1089 4124 sola
1112 4070 1157 4123 est
1177 4069 1206 4122 et
1225 4063 1255 4123 in
1266 4063 1363 4123 Vat.B
1385 4063 1486 4124 eadem

300 4161 414 4222 ratione
436 4162 649 4241 suprascripta
672 4161 725 4242 (γρ.
749 4160 854 4257 μέρος).
1002 4167 1005 4173 ’

352 4379 391 4446 .¹)
416 4381 503 4443 Quum
527 4383 556 4430 iu
579 4381 632 4431 fine
654 4380 745 4430 mutili
769 4383 836 4443 sint3
861 4381 982 4446 explicat
1007 4383 1078 4432 enim
1101 4383 1179 4432 Leid.
1196 4382 1225 4432 C.
1251 4381 1293 4432 Ol.
1314 4383 1392 4446 XIII,
1410 4386 1488 4447 extr„

302 4463 404 4518 Paul}
421 4464 501 4528 Pyth.
512 4465 544 4528 V,
555 4463 682 4516 52:267.
