3322 5190
195 390 318 396 „m
496 325 631 368 serronm
653 325 815 367 cansarum
836 326 878 366 an
901 326 950 366 on.
969 304 1069 392 αττ-(κ).
1117 289 1120 294 ’
1160 323 1162 335 ·
1338 310 1379 370 55

221 424 331 460 amfleohh.
1322 434 1351 462 Vl·

210 475 250 512 m
306 467 338 502 m
387 505 510 583 τινέας,
530 502 632 586 ὅπου,
658 504 751 588 ἐντῇ
762 504 953 590 Μαντινέα,
976 499 1118 588 ὑπάρχει
1133 503 1171 569 τὸ
1185 510 1273 590 σῆμα
1312 468 1362 511 ’ω’

387 612 443 678 καὶ
457 613 495 682 τό
508 625 646 697 σημεῖον
661 617 721 677 τοῦ
730 610 941 698 Ἁλιρρόθου.
970 609 993 696 ἢ
1005 610 1124 691 οὕτως·
1143 613 1198 680 άν’
1216 618 1270 683 ἳπ-

387 739 478 788 ποισι
500 723 537 787 δὲ
556 723 711 807 τέτρασιν
733 724 867 807 ἐνίκησε
887 721 925 787 τὸ
942 727 1031 806 σῆμα
1050 728 1110 788 τοῦ
1122 721 1273 809 Ἁλιρρο-

386 836 486 915 θίου,
510 831 591 919 ὅπερ
606 829 643 896 τὸ
659 835 748 914 σῆμα
763 830 819 896 καὶ
837 829 876 898 τὸ
891 845 1030 916 σημεῖον
1046 829 1188 917 ὑπάρχει
1206 831 1272 899 άπὸ

386 941 656 1025 τῆςΜαντινέας.
685 935 708 1023 ἢ
725 939 844 1016 οὕτως·
864 939 932 1025 [άν’
951 943 1083 1006 ἵπποισι
1101 943 1139 1007 δὲ
1156 943 1272 1029 τέτρα-

386 1067 442 1116 οιν
456 1050 531 1136 ἕως]
543 1048 758 1132 Ἁλλιροθίον
775 1053 834 1135 (sie)

423 1157 610 1245 Ἁλιρόθιος
631 1164 693 1224 Vat.
710 1164 745 1224 Β.
772 1157 982 1245 Ἁλιρρόθιος
1002 1165 1083 1227 Caes.
1100 1166 1133 1226 A.
1162 1159 1272 1246 Ἁλιρ-

386 1274 510 1356 ραθίου
526 1273 588 1333 var.
603 1275 637 1334 B.
664 1267 878 1355 Ἁλιρροθίου
894 1273 975 1334 Caes,
991 1275 1024 1335 A.

426 1377 477 1462 τό]
491 1382 580 1462 σῆμα
594 1376 665 1465 [καὶ
676 1375 696 1462 ἡ
709 1377 790 1457 δόξα
801 1383 863 1443 τοῦ
870 1375 1085 1462 Ἁλιρροθίου
1098 1383 1146 1464 (id.
1156 1385 1217 1446 vat.
1227 1386 1270 1468 B).

427 1494 513 1570 irgm.
537 1491 674 1572 Bacchyi.
691 1499 729 1557 41
753 1493 819 1572 (15)·
834 1495 874 1552 ita
897 1499 978 1553 reete
1002 1493 1117 1554 duobus
1136 1496 1270 1557 versibus

384 1603 414 1660 in
432 1601 512 1662 Caes.
528 1602 552 1661 A
575 1601 754 1680 descriptum
772 1609 830 1669 est,
854 1608 886 1662 nt
900 1603 982 1680 prior
1005 1621 1076 1664 voce
1095 1599 1271 1683 τριόδοντα

384 1713 570 1772 terminetur.
589 1745 625 1755 -
645 1707 923 1790 χαλκοθαιθάλοις
939 1711 1000 1772 Vet.
1017 1711 1050 1772 B.

425 1819 676 1901 μαρτυροῦντα]
694 1820 741 1902 τῷ
757 1799 862 1902 Σήμῳ
881 1821 943 1881 Vat.
960 1821 993 1880 Β.
1013 1820 1104 1900 (Caes,
1115 1822 1148 1882 A.
1165 1822 1231 1883 Par.
1247 1824 1270 1884 A

383 1923 541 2012 τάῆοωϊ)

425 2038 583 2118 οτράφας
604 2034 642 2100 ti
666 2034 801 2110 πάλους
826 2029 870 2109 eis
891 2031 909 2098 ὁ
929 2033 1123 2111 Μαντινεὺς
1144 2041 1268 2120 Σῆμος.

384 2148 444 2208 Vat.
462 2147 495 2208 Β.
1240 2215 1251 2228 ,

424 2253 635 2338 στρωφάσαιν
656 2251 693 2316 δὲ
717 2251 850 2328 πάλους
864 2248 908 2329 ὡς
923 2249 941 2318 ὁ
955 2251 1149 2330 Μαντινεύς
1170 2254 1268 2340 ἥρως.
1325 2244 1331 2254 A

321 2376 326 2388 '
383 2367 463 2427 Caes.
476 2366 508 2426 A.
528 2368 604 2427 Gott.
615 2365 688 2427 i'ar.
703 2367 736 2427 A.

310 2491 320 2514 Γ
415 2470 568 2554 ’Ἁλλως.]
598 2475 688 2554 (Caes.
711 2476 743 2536 A.
770 2466 793 2554 ἢ
820 2470 932 2547 οὕτως.
975 2469 1030 2535 ἀν’
1058 2473 1190 2537 ἵπποισι
1216 2476 1268 2538 τέ-

382 2585 515 2667 τραοιν)
552 2579 613 2644 ἐάν
642 2581 705 2664 μὲν
730 2582 903 2668 γράφηται
932 2571 1039 2666 ὦρον-ς
1067 2579 1268 2668 άλιρροθίου

323 2736 333 2754 .
383 2696 475 2770 (Caes.
491 2696 514 2756 A
529 2688 607 2773 σῆμ’
625 2688 785 2773 άλιρροθ.
796 2695 867 2777 ...),
892 2694 984 2756 ἔσται
1007 2688 1106 2768 αὐτὸς
1119 2689 1144 2786 ,ὁ
1158 2689 1265 2778 Ἁλιρ-

274 2799 279 2808 ’
383 2802 500 2887 ρόθιος
513 2799 622 2883 ἥκων,
647 2797 692 2875 τός
706 2794 750 2866 άν
766 2803 926 2885 ἐπίσημος
942 2802 1072 2883 ἐγένετο
1089 2799 1269 2888 ὁἉλιρρό-

381 2917 458 2986 θιος
479 2914 525 2993 (ita
548 2920 630 2974 recte
648 2921 677 2974 et
691 2915 772 2976 Gaea.
786 2915 810 2975 A
825 2921 854 2975 et
870 2915 932 2975 Vnt.
948 2915 991 2994 B).
1022 2909 1082 2975 ἐάν
1102 2912 1139 2976 δὲ
1155 2916 1270 2996 Σάμος

378 3016 587 3105 Ἁλιρρόθιος
602 3023 692 3104 (Caes.
709 3025 733 3084 A
749 3021 863 3104 Σάμος
878 3016 1122 3106 ὁἉλιρρόθιος)
1131 3071 1140 3104 ,
1163 3045 1269 3105 φανε-

383 3127 446 3214 ρόν
462 3127 511 3193 ὅτι
528 3133 642 3213 Σάμος
652 3126 863 3216 Ἁλιρρόθιος
882 3134 929 3214 (id.
947 3135 1064 3196 CaeaA
1080 3136 1132 3196 sed
1144 3131 1267 3216 Evince)

383 3239 585 3323 ἐνίκησενλ)

252 3444 271 3510 1)
294 3446 347 3496 Vix
371 3444 458 3495 oculis
482 3444 552 3494 haec
576 3445 605 3494 iu
622 3445 725 3495 Vat.B
750 3451 891 3496 assecutus
911 3461 982 3510 sum,
1008 3447 1056 3497 sed
1079 3447 1193 3498 volebat
1216 3447 1374 3500 Scholiasta

183 3521 253 3598 σᾶμ’
270 3522 445 3595 Ἁλιρροθίου
463 3530 592 3581 scribere.
614 3554 649 3565 -
671 3530 740 3578 Mihi
759 3531 787 3578 in
805 3531 866 3580 loeo
884 3532 1062 3581 vexatissimo
1081 3532 1192 3594 Didymi
1211 3548 1280 3596 quae
1299 3534 1373 3583 vido-

183 3621 227 3666 tur
245 3630 305 3665 esse
324 3614 465 3665 sententia
483 3615 602 3663 maxima
620 3614 760 3679 probatur,
780 3619 810 3662 ut
829 3607 896 3680 σᾶμ’
914 3605 1093 3680 Ἁλιρροθίου
1112 3632 1166 3666 non
1184 3617 1221 3666 sit
1239 3617 1296 3682 ipse
1315 3619 1372 3667 Ha-

181 3699 323 3750 lirrhotius
345 3699 433 3749 victor
458 3697 579 3761 (ratione
603 3699 752 3749 Homerica
776 3704 804 3748 ut
821 3694 906 3764 μένος
927 3691 1106 3764 Ἀλκινόοιο),
1138 3717 1189 3750 nee
1215 3705 1245 3750 ut
1267 3705 1373 3750 mutata

183 3785 320 3849 scriptura
339 3783 416 3847 (cum
434 3783 612 3847 Moschopuio
633 3780 804 3849 [Euatathio]
827 3787 855 3834 et
872 3783 1021 3846 Triclinia)
1042 3784 1114 3833 Semi
1132 3783 1177 3835 vel
1196 3785 1255 3836 Seri
1273 3801 1373 3836 nomen

182 3869 340 3930 invehatur,
359 3867 408 3917 sed
426 3868 466 3916 ita
484 3872 514 3916 ut
532 3858 599 3932 σᾶμ’
616 3857 809 3932 Ἁλιρροχθίου
827 3867 882 3928 (vel
901 3869 925 3916 si
938 3858 1217 3934 ιουΙίέἉλιρρωθίου,
1237 3870 1372 3934 quiahoc

184 3957 269 4004 metro
288 3953 406 4003 dandum
425 3951 487 4018 erit)
506 3953 543 4000 sit
561 3952 688 4016 „signum
706 3951 846 4014 Neptuni“
865 3952 883 4000 i.
905 3968 927 4001 e.
946 3951 1063 4012 tridens,
1084 3968 1164 4017 quem
1181 3954 1372 4004 Mantinenses

183 4039 213 4088 in
235 4037 331 4102 clypeo
356 4052 488 4100 curruque
513 4038 624 4100 gestare
648 4034 723 4082 soliti
746 4037 809 4084 aiut.
847 4035 946 4098 „Vicit
963 4038 1108 4087 Mantinea
1131 4039 1247 4088 veniens
1265 4038 1372 4102 signum

182 4120 327 4186 Neptuni“
353 4121 371 4169 i.
392 4136 415 4170 e.
439 4119 509 4170 vicit
531 4115 613 4170 heros
630 4119 825 4168 Mantinensis.
861 4120 927 4184 Ipsa
950 4120 1029 4171 huius
1051 4121 1107 4171 loci
1124 4122 1264 4172 Pindarici
1288 4123 1372 4172 ambi-

183 4207 275 4272 guitas
299 4204 425 4254 effecisse
449 4204 515 4252 mihi
536 4203 659 4265 videtur,
684 4206 715 4251 ut
738 4203 902 4266 interpretes
926 4204 960 4252 de
983 4205 1091 4255 nomine
1114 4206 1242 4268 victoris,
1267 4205 1300 4254 de
1320 4222 1372 4270 quo

184 4289 294 4340 aliunde
313 4288 453 4338 veteribus
471 4303 526 4337 non
545 4287 703 4336 constitisse
723 4291 851 4352 apparet,
877 4288 986 4339 diversa
1006 4290 1197 4356 excogitarent
1215 4293 1298 4353 atque
1323 4289 1372 4338 alii

183 4374 254 4424 alios
272 4373 393 4439 Neptuni
411 4371 483 4421 filios
501 4370 634 4436 (Semum,
655 4371 762 4432 Serum,
782 4371 993 4436 Halirrhotium‚
1013 4372 1160 4438 Theseum)
1179 4378 1370 4423 memorarent.

183 4459 224 4510 Ne
236 4457 378 4525 Diphilum
390 4456 499 4524 quidem
512 4455 586 4506 Semi
597 4471 696 4507 nomen
708 4455 838 4507 habuisse
852 4462 956 4508 certum
969 4461 1025 4523 est,
1044 4473 1107 4508 nam
1121 4472 1181 4507 eum
1192 4456 1277 4508 lectio
1297 4456 1370 4520 (vide
1438 4507 1442 4512 ,
