3322 5190
515 359 650 402 sosoma
672 356 835 400 cessamus
857 355 898 396 au
921 355 970 396 oc.
988 352 1050 410 u„

181 415 991 508 πω
1307 451 1334 476 τ.

174 509 236 606 Ρόό
293 499 326 607 λζ
415 537 474 624 μὴ]
496 539 610 623 μέντοι
630 559 669 620 γε
689 537 751 621 [είς
764 535 923 620 βλάβην]
945 529 989 617 μή
1012 532 1049 596 δὲ
1072 534 1143 616 (Vct.
1158 533 1192 594 B.
1213 527 1259 612 μή
1296 485 1345 592 ⁷3¹5

374 673 412 732 γε
428 672 487 732 μιν
505 650 570 731 τίς).

201 774 234 825 65
272 773 346 837 rouo
376 775 404 823 et
421 774 452 827 ιτ
471 752 615 841 (Ἴαιρα)
635 769 710 824 -νε
722 763 766 818 u.
787 757 827 838 (α.
845 779 877 818 cx
894 757 981 838 rur).

200 911 232 922 -·
294 884 327 936 32
418 866 587 952 ιἰπτόητον
608 862 872 948 καλόγέννητον
893 866 993 948 (quasi
1013 859 1194 944 ἄπτοίητον
1217 863 1284 922 le··

376 986 481 1061 gissot,
498 981 549 1044 sed
566 988 609 1042 est
626 997 707 1040 mera
722 978 894 1057 corruptio.)

418 1084 577 1171 όναβᾶσ’]
603 1089 642 1168 gl.
667 1081 737 1148 ἅνιο
759 1077 937 1160 ὑψαδείσα
956 1081 1096 1146 Ιἐκεῖνον
1115 1077 1175 1144 τόν
1199 1077 1261 1144 όν-
1308 1098 1341 1150 38

375 1205 518 1281 θρωπον
538 1193 597 1260 τόν
621 1196 667 1270 είς
686 1190 772 1270 ὕψος
794 1188 881 1256 πολι)
897 1193 938 1277 (,).
970 1188 1123 1282 καὶπρὸς
1143 1187 1181 1254 τό

377 1309 492 1382 τέλους
509 1302 754 1388 ἐπιβησόμενον
772 1304 902 1378 οἰκείως
918 1299 955 1365 τὸ
971 1300 1030 1365 π.’.
1041 1351 1048 1364 .
1059 1351 1084 1365 ..
1098 1301 1119 1386 ¹)

202 1430 236 1482 66
272 1432 353 1501 llcq.
377 1434 405 1481 et
418 1429 549 1486 act-67,
565 1431 582 1483 3
596 1422 629 1476 ll.
646 1416 704 1498 (E),
728 1425 803 1492 seq.
828 1420 884 1481 Tr..
913 1425 942 1480 17
953 1449 989 1459 -
1000 1425 1034 1476 il
1049 1417 1093 1474 Tr.
1118 1413 1159 1494 (ex
1174 1415 1260 1494 Tua),

377 1516 419 1573 67,
434 1514 552 1571 ari—68.
566 1507 638 1568 3Tr.

299 1624 330 1676 19
421 1609 591 1696 ἔκφερεν]
619 1607 828 1692 μᾶλλονδὲ,
857 1605 1031 1690 λαμβάνει.
1066 1603 1130 1690 [ότι
1153 1628 1180 1669 τ.
1205 1627 1260 1688 πρ.
1310 1619 1343 1672 39

379 1719 434 1786 καὶ
454 1721 491 1786 ἐν
508 1715 592 1805 [εόδ.
606 1719 627 1804 ²)

297 1843 330 1895 20
421 1828 571 1916 ἁρμόζει,
608 1850 669 1893 non
698 1824 855 1914 ἁρμόσει,
894 1839 989 1901 recte,
1031 1848 1100 1892 nam
1131 1829 1263 1891 redditur

377 1944 500 2008 ἕπεται.

298 2063 331 2114 26
421 2051 530 2136 φέρει]
564 2047 701 2114 α”νωδεν
729 2045 794 2133 γὰρ
824 2050 972 2132 Θηβαῖος
999 2041 1171 2132 ὁΘήρων.
1211 2049 1262 2128 (Ιιλ.

379 2167 440 2226 Vct.
458 2165 491 2224 Β.
511 2163 606 2246 Rom.)
1255 2227 1257 2230 ¹

307 2285 322 2334 7
421 2273 543 2354 τιμῆς.]
566 2267 702 2344 Πένθος
716 2267 752 2332 δὲ
769 2277 888 2332 πιτνεῑ.
919 2265 1117 2351 κρύπτεται,
1140 2264 1265 2350 όφανί-
1312 2278 1345 2328 42

380 2386 482 2463 ζεται,
507 2379 744 2463 καταφέρεται,
767 2376 1019 2460 καταβάλλεται.

208 2533 240 2541 -
303 2504 330 2553 11
424 2487 549 2556 ὁπόταν
573 2485 653 2563 θεὸς
766 2487 910 2572 κραδίαν
933 2535 1011 2550 .....
1040 2491 1158 2551 Pindari
1177 2491 1264 2569 lrgm.

381 2610 440 2670 247
476 2608 537 2669 210
551 2599 582 2662 ·³

209 2751 241 2762 -
301 2723 334 2775 32
423 2603 524 2774 Velba‘
538 2602 627 2772 {talc
649 2705 707 2771 καὶ
729 2702 823 2790 ἡμεῖς
850 2704 890 2771 οὐ
914 2706 1131 2792 γεγράφαμεν
1156 2707 1194 2772 ἐν
1220 2712 1266 2795 τῷ
1292 2722 1372 2787 48ί49

253 2899 272 2964 ¹)
295 2902 438 2951 Postrema
462 2900 537 2949 lectu
559 2897 734 2947 difficillima.
771 2886 912 2963 ἆναβᾶσ’]
937 2895 1051 2946 Loiuc
1070 2895 1082 2960 (
1090 2913 1113 2946 ο.
1133 2898 1170 2962 gl.
1189 2893 1371 2966 προκόψασαν,

183 2975 385 3052 οἷναβιβοίσαοα
403 2978 453 3036 τόν
472 2973 639 3048 ἄνθρωπον)
660 2987 688 3031 et
700 2979 761 3034 Pal.
775 2979 805 3030 C.
826 2980 897 3044 (cum
915 2980 952 3045 gl.
970 2971 1145 3045 όψωδεὶοα).
1180 2983 1217 3032 Hi
1234 2989 1290 3034 tres
1309 2985 1373 3035 libri

185 3070 258 3135 (cum
276 3069 374 3120 Vatc
394 3069 476 3118 credo
494 3067 644 3132 paucisque
664 3067 696 3116 lt.
716 3065 790 3127 aliis)
815 3069 919 3115 certam
938 3066 1075 3129 quandam
1094 3067 1230 3118 familiam
1249 3069 1373 3119 codicum

184 3153 401 3214 Pindaricorum,
422 3152 513 3216 quarti
526 3152 645 3217 generis,
666 3155 839 3216 componunt.
857 3177 891 3184 -
909 3151 941 3200 In
954 3150 1046 3215 glossa
1064 3151 1114 3200 illa
1132 3152 1164 3201 It.
1178 3148 1326 3212 διατέλονς
1345 3159 1374 3203 et

185 3239 215 3288 in
232 3239 286 3288 fine
304 3232 428 3304 πέμπειν
445 3236 619 3287 scribendum
639 3240 690 3286 est.
715 3261 741 3272 —
760 3236 855 3284 Perus.
875 3234 934 3284 cod.
954 3225 1088 3286 ἆνακόισ’.
1108 3263 1140 3271 -
1164 3237 1234 3301 Aug.
1247 3237 1278 3286 B.
1298 3237 1374 3302 (post

186 3322 271 3385 corr.)
290 3313 417 3386 ἀνεβάσῖ
442 3348 474 3356 -
498 3320 569 3371 Rell.
589 3311 705 3380 ἀνεκός.
733 3319 776 3370 Gl.
795 3319 955 3383 optimorum
974 3319 1027 3368 hae
1045 3325 1120 3369 sunt:
1144 3311 1238 3384 πόρρω
1255 3311 1371 3388 ἧν[ονν]

186 3397 245 3459 ἅνω
259 3398 287 3470 ἒξ
301 3394 394 3470 ὕψονς
413 3405 474 3454 Vct.
488 3404 517 3455 B
530 3404 558 3467 (a
571 3409 626 3454 vet.
640 3405 699 3467 m.)‚
720 3407 747 3454 et
766 3393 908 3467 cleriricos,
928 3394 1041 3468 μακρὰν
1059 3395 1112 3470 γὰρ
1130 3396 1161 3454 τὸ
1180 3393 1254 3469 όψος
1271 3407 1334 3456 Par.
1350 3406 1373 3456 G

187 3493 215 3556 (a
227 3495 282 3542 vet.
297 3491 351 3554 m).
371 3515 403 3525 -
421 3490 494 3539 Nota
513 3478 540 3538 iu
559 3487 742 3538 multis'codd.
762 3487 789 3537 S.
800 3487 877 3537 XIII.
896 3487 912 3537 λ
930 3493 957 3537 et
967 3474 993 3553 ’β’
1004 3488 1045 3537 its
1058 3489 1161 3539 similia
1174 3503 1235 3540 osse
1247 3493 1277 3538 ut
1289 3504 1372 3555 saepe

187 3577 234 3627 vix
252 3575 401 3626 discernas.
597 3577 604 3587 '

254 3657 275 3723 ²)
294 3659 335 3709 ld.
357 3659 419 3710 Vat.
437 3659 469 3708 B.
489 3657 565 3708 Rom.
584 3673 642 3724 sqq.
663 3657 725 3723 (sed
743 3651 890 3723 εἶςφὲρει).
925 3656 1018 3708 Schol.
1038 3657 1089 3708 hoc
1108 3658 1187 3708 dicit:
1211 3659 1372 3724 Exemplum

188 3748 281 3810 aptum
300 3759 334 3793 ex
352 3743 487 3808 prioribus
507 3742 600 3806 affert,
619 3743 665 3794 vel
682 3743 774 3808 potius
792 3743 901 3792 aliunde
922 3743 1078 3793 adsciscens
1097 3743 1187 3796 sumit.

256 3835 276 3900 ³)
296 3835 434 3886 Sonantur
452 3837 492 3886 ita
511 3837 591 3887 credo
609 3836 792 3902 pulcherrima
810 3836 908 3895 verba,
928 3836 981 3885 hoc
999 3839 1098 3884 metro:

566 3956 631 3970 .....
651 3909 758 3970 ὁπόταν
777 3911 847 3978 θεὸς
865 3910 949 3984 ἀνδρὶ

476 3997 570 4072 κόρμα
588 3998 703 4071 πέμψῃ,
720 3995 791 4069 πρὸς
808 3997 948 4069 μέλαιναν
964 4001 1090 4069 καρδίαν

476 4082 658 4155 ἐστυφέλιξεν
677 4125 761 4140 ......

189 4177 207 4226 i.
222 4192 247 4226 o.
266 4173 380 4238 Quoties
398 4175 465 4225 deus
483 4173 612 4240 gaudium
625 4179 757 4238 tanquam
775 4171 879 4222 fulmen
896 4171 1057 4222 mortalibus
1074 4173 1205 4236 immittit,
1225 4175 1304 4240 quasi
1323 4175 1375 4225 iul-

189 4277 255 4328 gore
272 4259 400 4309 lactitiae
418 4259 506 4307 tristis
525 4255 583 4322 (vol
600 4257 743 4322 profundi,
767 4260 797 4305 ut
815 4249 917 4321 φρένες
934 4251 1081 4323 μέλαιναι)
1100 4259 1183 4308 animi
1200 4265 1310 4308 noctem
1328 4259 1375 4309 obe

190 4359 298 4394 scuram
320 4341 448 4408 percutit.
485 4340 673 4405 Στνφελίζειν
694 4332 764 4407 πρὸς
786 4338 911 4407 καρδίαν
934 4345 976 4391 est
999 4342 1173 4406 „austreffen
1192 4342 1272 4392 καθ’.
1312 4343 1375 4396 Duo

189 4430 284 4478 insunt
296 4428 325 4476 in
338 4427 458 4490 imagine
469 4423 594 4490 fulguris,
606 4425 654 4476 lux
667 4431 695 4476 et
707 4425 848 4489 celeritas,
862 4430 1003 4492 utrumque
1016 4426 1093 4477 donis
1105 4427 1216 4476 deorum
1228 4427 1375 4492 propalam.

190 4509 379 4578 Στνφελίζειν
396 4514 424 4560 et
440 4502 563 4576 πέμπειν
580 4515 716 4561 consuat
734 4510 860 4560 diversae
879 4509 928 4561 secl
947 4509 1068 4561 eiusdem
1087 4510 1217 4560 notionis.
