3322 5190
613 361 788 404 armonian
813 361 968 403 CRI‘HGAE.
1339 355 1385 400 XV

281 507 484 570 Vetustissima
501 509 633 588 exempla
651 520 721 571 sunt
737 511 853 588 generis
867 509 954 589 primi
971 515 1000 568 et
1015 507 1103 581 tertii,
1119 507 1216 567 Vatss
1233 515 1261 567 et
1272 507 1337 569 Par.
1352 508 1385 582 G,

197 616 319 686 uterque
345 607 421 669 liber
447 609 611 670 duodecimi
634 611 754 672 saeculi.
797 611 841 672 Ad
863 629 937 688 quos
960 627 976 670 e
999 615 1103 687 quarto
1126 627 1233 687 genere
1254 609 1387 689 proxime

196 709 309 770 accedit
324 705 534 789 Gottingensis'‚
556 731 579 772 s.
594 711 661 772 Xlll
671 731 680 788 ;
704 720 764 772 turn
776 711 841 772 Par.
853 716 886 786 A,
908 715 969 773 Vat.
986 710 1021 784 n,
1041 710 1103 770 Vnt.
1117 711 1148 784 C,
1173 710 1256 771 Caes.
1273 712 1305 785 Α,
1328 710 1384 770 alii.

195 810 316 872 Plurimi
338 812 396 872 hoc
415 830 509 890 genus
529 811 596 873 libri
616 813 653 874 ad
672 813 743 875 lllV.
767 813 916 875 saeculum
935 812 1091 893 pertinent.

279 929 322 990 lle
343 937 438 990 aetate
455 930 519 990 Par.
538 931 563 991 G
583 933 655 994 satis
676 940 791 993 constat
811 941 840 992 et
862 951 897 992 ex
914 931 979 1010 ipso
995 928 1061 989 libri
1078 929 1231 990 habitu‘et
1252 949 1287 990 ex
1303 931 1386 992 testi·

165 1021 294 1093 'monio
316 1032 486 1112 peritissimi
507 1032 612 1093 indicis
638 1035 669 1095 C.
693 1033 726 1094 B.
750 1033 846 1108 Hasd,
870 1033 918 1111 qui
942 1039 974 1092 ut
994 1031 1084 1091 multa
1106 1030 1171 1104 alia,

370 1127 406 1192 οὐ
423 1131 564 1210 φθονέων
579 1127 721 1214 ἀγαθοῖς,
746 1135 850 1207 ξείνων
867 1131 898 1194 δέ
912 1122 1084 1210 θαυμαστὸς
1098 1125 1205 1211 πατήρ,

193 1233 233 1294 ita
255 1235 312 1296 hoc
332 1235 403 1296 mibi
429 1236 582 1316 praestitit.
626 1237 756 1297 Alterum
779 1234 885 1296 librum
910 1233 979 1315 (Vat.
996 1235 1030 1315 Β)
1053 1235 1117 1314 ipse
1139 1235 1175 1294 ad
1197 1235 1259 1294 Xll.
1282 1253 1384 1295 saecu-

192 1334 252 1396 lum
280 1337 533 1418 palaeographicis
567 1337 689 1415 aliisque
716 1337 879 1399 rationibus
909 1344 1059 1416 permotus
1085 1335 1256 1410 retuleram,
1289 1336 1384 1396 donec

193 1439 364 1517 scrupulum
387 1439 487 1500 iniecit
504 1441 614 1500 mentio
633 1441 769 1514 Tzetzae‚
793 1457 868 1518 quae
889 1439 919 1498 in
942 1437 1046 1498 mediis
1067 1437 1194 1504 Scholiis,
1217 1437 1261 1518 (ad
1279 1437 1381 1498 lstbm.

167 1538 215 1612 .l‚
240 1541 291 1603 51.
313 1540 405 1621 vulg.)
434 1541 474 1602 ita
502 1541 630 1603 otacurrit
660 1540 724 1620 (sel.
748 1539 825 1615 258,
850 1539 889 1619 Β)
1003 1531 1018 1596 b
1051 1535 1082 1598 δέ
1110 1530 1206 1618 πατὴρ
1238 1539 1380 1617 Θηβαῖος.

195 1621 365 1710 Τζέτζον·
397 1634 523 1718 daona,
546 1643 647 1722 σίγα,
676 1634 721 1720 μή
743 1634 860 1720 μοὶτην
886 1635 1143 1720 λαβροστόμει.
1191 1640 1302 1718 Θηβῶν
1326 1637 1380 1717 μέν

192 1735 454 1821 έστινὈρχομενός
468 1734 488 1820 ἡ
504 1738 598 1817 πόλις.
631 1737 892 1826 έγκωμίοντρότττμ
907 1741 938 1803 δέ
957 1743 1090 1820 Θηβαῖον
1107 1734 1222 1822 γράφει.
1261 1742 1297 1802 Ηί
1319 1751 1379 1802 tres

137 1891 139 1894 .
192 1843 313 1920 pessimi
334 1845 468 1906 versiculi
482 1847 605 1906 Tzetzae
626 1846 702 1906 linea
724 1846 891 1906 traductae
915 1845 1031 1906 librario
1051 1845 1138 1904 deleti
1160 1853 1237 1904 sunt.
1255 1841 1275 1924 ¹)
1307 1843 1379 1903 Pars

193 1962 296 2005 corum
317 1954 416 2006 tamen
432 1967 448 2007 a
462 1947 603 2026 Calliergc
619 1956 732 2008 servata
751 1957 804 2022 est,
826 1949 865 2008 ita
886 1937 900 2005 ὁ
918 1944 950 2006 δέ
964 1937 1061 2025 πατὴρ
1078 1946 1224 2023 Θηβαῖος·
1246 1936 1266 2020 ἢ
1289 1937 1381 2004 κατά

86 2131 89 2137 Ι
159 2066 298 2117 ,τινας
317 2039 371 2105 ὅτι
390 2048 500 2126 Θηβῶν
522 2046 576 2126 μέν
598 2046 675 2108 ἐστιν
695 2052 757 2107 κτλ.
801 2049 994 2109 Nihilominus
1014 2049 1093 2108 hunc
1115 2048 1246 2108 codicem
1261 2047 1380 2107 Tzelza·

191 2165 256 2207 rum
276 2149 336 2208 lere
356 2151 506 2227 aequalem
530 2169 595 2212 esse
617 2150 749 2230 plurimis
770 2149 886 2210 indiciis
908 2159 1036 2225 condat,
1061 2150 1220 2228 eademque
1235 2149 1333 2228 Heysii
1351 2156 1380 2208 et

191 2248 333 2310 Hercheri
357 2252 501 2312 sententia
523 2260 577 2314 est.

278 2369 380 2440 Quarti
408 2371 524 2450 generis
551 2372 702 2452 proprium
732 2379 777 2432 est
798 2371 1044 2450 subscriptionem
1072 2371 1228 2448 unicuique
1257 2369 1378 2431 carmini

194 2470 310 2532 addere.
357 2472 439 2543 Quae
467 2473 634 2553 subscripta
663 2492 729 2535 cum
752 2474 858 2552 partim
888 2473 1067 2552 antiquitatis
1094 2473 1222 2553 speciem
1251 2490 1321 2551 prae
1344 2491 1377 2532 se

191 2573 287 2633 lerant
309 2581 338 2634 et
360 2593 375 2634 a
397 2573 586 2636 collatoribus
607 2575 742 2654 neglecta
764 2576 838 2652 sint,
867 2582 1010 2654 quotquot
1030 2575 1184 2653 hucusque
1206 2573 1301 2653 reperi
1326 2592 1378 2652 ap-

171 2728 175 2738 .
190 2693 307 2753 ponam.

276 2777 322 2837 01.
340 2777 362 2837 l.
395 2776 473 2848 τέλος
488 2780 541 2838 τοῦ
558 2779 692 2856 Θηβαίου
707 2769 848 2859 Ἱέρωνος.
872 2777 955 2858 (Med.
975 2778 1017 2859 C.)

276 2877 322 2939 Ol.
336 2879 371 2940 ll.
395 2875 475 2950 τέλος
493 2871 633 2956 Θήρωνος
644 2869 886 2960 Ἀκραγαντίνου.
909 2880 992 2960 (Med.
1006 2881 1038 2955 C,
1061 2879 1153 2956 Gott,
1175 2881 1222 2962 al.)

276 2979 321 3041 Ol.
328 2965 377 3041 ΙΙΙ.
393 2978 474 3052 τέλος
489 2982 659 3056 Θεοξενίων.
683 2981 767 3062 (Med.
784 2983 826 3063 C.)

396 3072 493 3160 ὕμνον
510 3081 589 3157 τέλος
608 3083 756 3158 Θεοξένια.
778 3083 871 3164 (Caes
889 3085 930 3163 a.)
943 3081 964 3164 ²)

396 3181 476 3257 τέλος
492 3185 545 3245 τοῦ
558 3178 706 3266 παρόντος
720 3179 826 3266 ὕμνον.
849 3188 923 3267 (Par.
940 3187 982 3264 Α.)

274 3285 320 3347 ΘΙ.
331 3286 375 3347 lV.
397 3278 494 3364 ὕμνον
509 3285 589 3360 τέλος
607 3283 765 3366 Ψαύμιδος
777 3285 811 3348 ἐκ
827 3290 1010 3368 Καμαρίνης.
1034 3286 1136 3364 (nott,
1159 3287 1196 3348 al.
1213 3287 1258 3368 al.)

395 3382 548 3467 ψαύμμιδι
563 3391 734 3470 ααμαρίνον.
758 3384 836 3462 εἶδος
850 3391 977 3471 πρῶτον.
1002 3389 1055 3470 (sic
1069 3390 1145 3452 Med.
1166 3389 1208 3470 C.)

189 3610 220 3656 ut
243 3607 315 3657 idem
339 3609 425 3660 codex
447 3609 490 3660 bis
509 3610 719 3663 describeretur.
754 3611 845 3663 Bonus
864 3611 912 3663 ille
930 3612 1010 3662 homo
1030 3627 1091 3661 cum
1109 3610 1256 3661 daemones
1276 3609 1373 3675 quibus

187 3691 356 3763 imparwerat
373 3695 475 3746 elicere
493 3695 580 3747 vellet
597 3698 732 3748 commisit
750 3699 821 3764 quod
833 3698 1002 3749 Goetbiauus
1020 3696 1208 3747 scholasticus
1225 3700 1256 3744 ut
1273 3710 1373 3760 scopas

186 3777 359 3830 dissolveret.

255 3893 275 3960 ¹)
300 3897 389 3958 Quum
411 3899 471 3964 ipse
495 3915 566 3950 anno
591 3899 656 3950 1848
674 3917 789 3966 sperans
807 3917 850 3952 me
868 3902 982 3952 Romam
1004 3915 1174 3951 reversurum
1198 3913 1259 3949 esse
1283 3899 1373 3949 obiter

186 3983 294 4030 tantum
312 3981 346 4031 de
358 3981 411 4033 hoc
423 3983 484 4034 loco
502 3989 686 4048 andetennam,
705 3986 804 4036 iterum
818 4002 890 4035 nune
908 4002 949 4035 me
962 3990 1076 4050 rogante
1094 3985 1193 4033 librum
1211 3983 1372 4034 evolverunt

187 4063 270 4114 amici
287 4066 415 4130 Romani,
441 4083 474 4118 ex
493 4069 590 4136 quibus
608 4070 789 4121 Detlefsenus
806 4070 941 4120 Holsatus
965 4071 1005 4120 ita
1023 4069 1130 4128 retulit,
1154 4073 1184 4118 ut
1202 4083 1285 4134 supra
1303 4069 1370 4118 scri-

185 4151 260 4212 ptum
280 4155 330 4201 est.

196 4220 206 4237 s

253 4267 274 4332 2)
297 4269 445 4336 Inscriptio
468 4273 531 4321 Par.
556 4271 580 4322 G
602 4272 639 4324 τῶ
663 4264 739 4325 abaci
762 4290 866 4339 αρματι
890 4270 1034 4338 θεοξένια.
1084 4273 1163 4322 Leid.
1188 4271 1208 4321 O
1232 4270 1269 4322 τῶ
1292 4261 1369 4321 αὐτῶ

186 4345 350 4418 στησιχόρια
373 4351 415 4415 είς
437 4351 581 4418 necatore.
618 4357 747 4407 Fortasse
767 4351 955 4426 Στησιχόρεια
974 4374 1085 4408 carmen
1105 4357 1236 4406 audiebat
1259 4361 1371 4420 propter

185 4449 312 4487 numeros
338 4454 404 4503 pure
431 4441 562 4504 Doricos,
590 4456 701 4506 qnorum
727 4443 779 4494 hoc
806 4446 922 4510 primum
948 4445 977 4493 in
1004 4443 1155 4493 carminum
1183 4439 1255 4489 serie
1281 4434 1369 4490 exem-

184 4517 259 4584 plum
277 4525 347 4573 erat.
