3322 5190
292 339 333 400 26
629 361 763 403 sononm
787 363 948 405 canelaus
970 363 1012 403 ao
1033 363 1083 405 on.
1100 365 1143 407 vr.

324 458 355 492 ed.
368 457 436 493 Bockh.

312 509 354 546 pag.
410 502 444 536 lin.

1307 427 1476 449 *a

1423 475 1451 501 v..

491 540 686 629 σνναμμομὴ
709 545 767 627 Η
789 541 861 608 ἐπεὶ
876 543 915 610 δὲ
929 542 1034 622 οὕτως
1049 545 1153 610 ταῦτά
1167 547 1246 628 εἰσι,
1272 523 1374 632 τεόὴ-
1411 508 1460 552 '¹¹¹⁸'

491 669 583 717 σεται
597 650 635 717 τὸ
650 651 789 737 πάρεστι
807 651 883 720 άντὶ
900 659 961 720 τού
978 652 1121 741 ἁρμόζει.
1159 654 1197 721 τό
1216 655 1281 744 γάρ
1304 657 1374 722 ἐστὶ
1403 680 1409 688 ·

489 761 685 846 κατάφασις.
698 765 718 848 ¹)

310 881 357 932 131
388 881 466 949 ltisq.
490 880 619 936 Triclinii.
655 887 790 941 23—26.
817 889 873 950 135,
896 889 1009 944 1-10.
1035 889 1184 948 tet-136,
1205 891 1223 946 3
1242 893 1374 960 quattuor

487 974 619 1022 commata
634 966 667 1022 ll.
686 960 736 1042 (Ε.)

311 1084 355 1136 134
410 1083 441 1134 18
533 1064 620 1133 Ούτε
645 1067 780 1152 δύσερις
807 1067 882 1133 ἐάν.
930 1066 994 1151 ἐμά
1014 1067 1096 1155 γάρ,
1124 1070 1245 1155 φησίν,
1280 1068 1371 1157 οὔτε]

488 1176 623 1259 δύσερις
639 1174 743 1262 [οὔτε]
761 1177 953 1262 φιλόνεικός
968 1202 1017 1255 τις
1028 1179 1050 1264 ²)
1068 1179 1175 1264 [πάνυ
1190 1176 1240 1245 τόν

253 1367 255 1372 Ι
315 1333 346 1341 -
408 1303 439 1354 21
530 1289 687 1372 αἰτιᾶται]
710 1291 781 1370 (Vnt.
800 1293 823 1354 B
844 1284 994 1372 εύχεται)ζ
1030 1287 1159 1374 [ἑπειόὴ
1182 1286 1288 1376 οἶδεν]
1311 1288 1373 1376 ἆῤ-

486 1395 612 1480 μοστὸν
642 1395 699 1462 καί
723 1395 886 1481 ἁρμόδιον
911 1401 940 1483 (1)
970 1395 1148 1484 ὁποιητὴς
1170 1398 1208 1464 τό
1234 1398 1373 1485 ὀμνύειν

486 1517 556 1583 τοῖς
578 1507 819 1591 ἐγκωμιάζουσι
835 1507 895 1572 τόν
913 1506 1017 1593 ὅρκον
1039 1509 1289 1594 ἐπιτρεπόντων
1304 1515 1372 1577 τῶν

487 1619 614 1701 σοφοῖν.
628 1618 657 1699 ³)
689 1620 796 1682 Contra
815 1620 912 1684 Vetss
930 1616 1059 1704 [ἑπειόὴ
1078 1614 1183 1706 οἶδεν]
1203 1617 1372 1708 άρμοστόν

487 1729 608 1812 ποιητῇ
622 1724 660 1792 τό
676 1723 815 1810 ὀμνύειν
830 1728 1076 1813 ἐγκωμιάζοντι.

528 1826 567 1894 τό
579 1818 631 1914 a]
647 1825 668 1913 ἡ
682 1830 719 1904 δὲ
736 1828 891 1907 σύνταξις
906 1827 1001 1914 αὕτη·
1031 1827 1109 1894 ἀλλ’
1125 1820 1153 1895 ά
1168 1834 1295 1914 Φίντις,
1312 1833 1371 1898 καὶ

486 1928 513 2004 ὦ
531 1933 661 2023 ἡνίοχε,
688 1927 715 2004 ὦ
730 1943 808 2013 νοῦ,
834 1940 949 2018 ζεῦξον
961 1937 1026 2024 ἤδη
1043 1963 1099 2023 μοι
1113 1939 1151 2006 τό
1168 1942 1289 2018 σθένος
1303 1947 1372 2008 τόν

484 2045 654 2133 ἡμιόνων,
680 2039 703 2135 ἡ
718 2053 774 2114 καί
790 2049 899 2132 καθά,
927 2048 1026 2134 τάχος
1040 2048 1097 2115 καί
1111 2051 1250 2136 ταχέως,
1270 2049 1368 2118 αύτό-

484 2182 604 2244 χρημα.
632 2154 655 2243 ἡ
671 2156 785 2235 οὕτως.
815 2156 891 2224 ἀλλ’
908 2148 935 2224 ό
950 2163 1083 2242 Φίντις,
1104 2162 1218 2240 ζεῦξον
1233 2159 1298 2248 ἤδη
1313 2187 1371 2248 μοι

485 2265 523 2332 τό
543 2269 665 2345 σθένος
684 2271 753 2334 τάν
775 2267 942 2354 ἡμιόνων,
966 2273 1003 2334 αἳ
1022 2268 1079 2336 καὶ
1100 2272 1240 2356 αἳτινες,
1262 2271 1371 2358 ἤμουν

485 2379 524 2443 αἱ
538 2375 690 2464 ἡμίονοι,
720 2377 880 2466 άντικμνς
899 2375 1089 2466 ὑπάρχουσι
1112 2381 1210 2466 τάχος
1231 2382 1287 2448 καὶ
1311 2408 1370 2449 τα-

484 2489 582 2572 χέως,
604 2487 811 2577 αὐτόχρημα·
836 2488 918 2574 αύτὴ
933 2485 954 2574 ἡ
971 2489 1123 2586 ποιότης,
1146 2489 1166 2577 ἡ
1183 2494 1333 2579 ταχντὴς.
1347 2497 1369 2582 4)

305 2617 352 2668 135
407 2617 436 2668 11
526 2601 584 2665 ‘iou
605 2600 873 2686 ἐπιβιβάσωμεν]
903 2597 960 2666 καί
982 2599 1201 2687 πορεύσωμεν
1227 2605 1287 2690 [ἐν
1305 2607 1370 2670 ’κα-
1417 2623 1450 2676 39

355 2752 373 2816 ¹)
392 2751 501 2802 Similia
519 2749 604 2800 Tricl.
624 2747 743 2814 (Thom.)
761 2749 809 2800 lin.
822 2748 839 2800 9
850 2765 906 2816 sqq.
926 2755 954 2799 et
971 2749 1075 2801 Moseh.
1095 2749 1195 2816 (Euat.)
1216 2751 1245 2802 ll
1259 2769 1315 2820 sqq.

352 2833 1474 2900 ’ΠωωωωηψωὼωὰᾙῶᾯΛὼμωώωίπῆΙω

285 2925 363 2988 signe
383 2920 549 2985 exemplum,
574 2933 644 2983 quae
662 2919 700 2968 sit
717 2919 789 2982 apud
808 2918 977 2984 Calliergem
995 2919 1071 2970 fides.
1106 2922 1176 2971 Nam
1194 2924 1219 2972 is
1237 2924 1296 2974 sinc
1315 2924 1398 2977 dubio
1417 2944 1473 2978 mu·

285 3008 365 3069 tavit,
383 3011 414 3055 ut
425 3003 638 3068 Moschopuleae
651 3002 805 3067 scripturae
818 3018 900 3068 quam
911 3005 1039 3069 probavit
1051 3007 1256 3070 responderent.
1274 3035 1306 3045 —-
1325 3011 1474 3078 Perperam

286 3093 370 3142 etiam
394 3087 590 3153 compilatores
612 3087 796 3136 recentiorum
814 3087 999 3150 scholiorum,
1022 3094 1117 3154 utpote
1134 3091 1335 3144 Triclinianam
1358 3097 1474 3162 scriptu·

285 3193 344 3226 ram
356 3173 527 3241 potissimum
539 3172 638 3234 secuti,
650 3172 737 3222 verba
748 3172 940 3237 Moschopulei
952 3172 1153 3238 (Eustathiani)
1167 3180 1358 3228 commentarii
1371 3180 1418 3232 lin.
1431 3181 1472 3232 23.

284 3261 473 3320 mutaverunt,
493 3272 563 3322 quae
581 3257 610 3306 in
628 3256 696 3321 ipsis
708 3255 912 3322 Moschopuleis
929 3255 1009 3307 libris
1026 3258 1067 3307 ita
1084 3259 1252 3311 scribuntur:
1271 3251 1337 3314 οὔτε
1350 3259 1474 3329 φιλόνει-

284 3362 334 3404 κος
351 3331 391 3395 τόν
408 3330 474 3394 οὔτε
490 3358 533 3401 τις
552 3330 628 3406 άηοιν
645 3332 763 3407 σκληρός
781 3337 822 3400 εἰς
836 3335 905 3406 ἔριν.
941 3342 1012 3392 Nam
1029 3342 1075 3392 hic
1094 3344 1205 3395 criticus
1222 3347 1309 3398 verba
1327 3349 1367 3398 ita
1384 3354 1473 3400 trans-

284 3430 388 3496 posuit:
408 3417 442 3478 ού
458 3417 620 3491 φιλόνεικος
638 3411 677 3476 τόν
695 3413 757 3476 οὔτ’
775 3411 815 3478 dv
832 3417 945 3491 δύσερίς
958 3443 1001 3486 τις
1018 3416 1103 3493 άηαν.
1138 3430 1294 3481 Demetrius
1313 3436 1419 3496 autem,
1440 3435 1475 3484 ad

284 3519 406 3566 veterem
423 3511 587 3576 scripturam
605 3514 636 3559 ut
654 3509 757 3560 assolet
780 3511 890 3575 propius
908 3512 1055 3576 recedens,
1079 3529 1172 3564 rursus
1195 3515 1236 3564 ita
1255 3515 1415 3568 collocavit:
1440 3510 1474 3569 ού

285 3591 399 3662 δύσερίς
416 3613 459 3654 τις
477 3586 545 3660 triv,
569 3583 629 3646 οὔτ’
649 3581 690 3645 τόν
708 3585 872 3668 φιλόνεικος
890 3585 980 3662 άγαν,
1004 3597 1106 3648 diserte
1128 3597 1275 3666 disputans
1299 3605 1394 3652 contra
1417 3603 1472 3654 Μο-

285 3681 445 3748 schopulum
468 3677 534 3744 (lin.
555 3676 587 3728 16
602 3677 675 3744 aq.):
705 3675 733 3730 εί
750 3669 778 3728 d'
797 3670 886 3740 άλλως
903 3671 1038 3746 γράφεις,
1067 3672 1120 3733 otiu
1138 3672 1230 3748 ὀρθὸν
1249 3679 1336 3737 ἔσται.
1362 3713 1393 3724 -
1422 3689 1473 3737 llis

285 3769 402 3832 aliisque
425 3764 495 3815 locis
518 3761 660 3827 aliquanto
684 3761 795 3812 brevius
813 3763 927 3830 defungi
950 3780 1105 3830 possumus,
1133 3767 1157 3816 si
1176 3769 1248 3818 inter
1266 3785 1300 3819 ea
1319 3787 1390 3835 quae
1407 3787 1472 3822 vere

284 3855 404 3905 lectiones
426 3853 490 3899 suut
512 3852 541 3898 et
564 3861 633 3911 quae
657 3862 733 3896 mera
756 3847 828 3898 vitia
850 3853 925 3899 recte
949 3849 1151 3916 distinguimus.
1191 3853 1227 3902 H.
1247 3853 1266 3903 l.
1289 3861 1343 3905 tres
1366 3861 1472 3906 tantum

283 3938 418 3989 lecffiones
440 3937 517 3996 sunt,
539 3932 589 3982 has
613 3947 709 3982 curare
727 3932 873 3996 debennus3
903 3939 968 3999 quot
991 3935 1101 3985 codices
1126 3940 1155 3986 et
1179 3937 1225 4001 qui
1249 3939 1373 4003 singulas
1398 3941 1468 3990 exhi

283 4023 382 4082 beant,
406 4034 476 4084 quae
495 4021 641 4084 praeterea
659 4016 778 4067 fortasse
797 4018 842 4068 hic
860 4017 904 4068 vel
923 4019 971 4069 ille
989 4019 1118 4070 librarius
1136 4023 1310 4086 peccaverit,
1334 4024 1362 4073 id
1380 4025 1471 4074 dicere

283 4103 480 4157 umam&

352 4188 374 4252 ³)
392 4187 448 4238 Hie
467 4184 623 4236 Scholiasta
642 4185 778 4250 „Recte“‚
798 4186 898 4252 inquit,
918 4193 1021 4254 „poeta
1039 4205 1056 4239 e
1073 4189 1160 4240 Musis
1177 4191 1288 4240 veniam
1305 4192 1387 4257 petit,
1408 4207 1473 4257 quo·

283 4277 359 4326 niam
378 4287 428 4324 eae
446 4270 500 4322 hoc
518 4270 705 4335 permiserint,
732 4273 831 4337 quippe
851 4277 945 4337 aptum
964 4277 992 4324 et
1010 4274 1139 4325 decorum
1158 4274 1240 4326 choro
1260 4291 1320 4326 esse
1339 4276 1415 4326 novit
1432 4277 1472 4326 iu·

283 4361 436 4410 ramentum
455 4355 565 4417 iacere,
586 4370 666 4419 quum
684 4356 826 4420 sapientes
844 4356 872 4406 id
890 4361 1053 4422 permittant
1069 4360 1114 4410 vel
1132 4360 1296 4424 imperent.“

350 4439 372 4506 ⁴)
393 4441 426 4490 Iu
448 4438 583 4504 prioribus
607 4437 661 4502 (32)
684 4439 747 4506 lege
772 4457 805 4490 ex
826 4441 890 4492 Vat.
907 4443 929 4491 Β
954 4447 982 4492 et
1000 4442 1080 4495 Caes.
1093 4444 1129 4493 A:
1155 4443 1253 4504 Φίντις
1270 4443 1386 4508 (Φίντις
1404 4435 1470 4497 did
