3322 5190
547 343 683 386 scnomn
706 344 867 386 CAESAREA
889 345 930 386 An
954 346 1003 388 OL.
1019 347 1041 386 1.

231 495 259 520 α’
325 495 349 519 ω’
395 546 488 607 usque
504 527 540 588 ad
556 522 801 606 καρπούμενος.
828 531 889 604 (27,
906 527 950 609 5)]
967 564 1010 572 -
1027 527 1231 609 Αγλαΐζεται.
1261 522 1284 610 ι(
1323 489 1371 592 ii

396 632 446 698 ὅτι
462 629 561 708 αὐτὸς
574 632 710 718 μερικός
727 633 828 697 ε’στιν.
852 629 873 716 ἦ
890 632 939 698 ὅτι
954 635 1198 719 φιλακροάμων
1213 637 1282 701 ἐστὶ

394 746 463 808 τοῖν
480 739 588 828 ᾥδων.
613 782 655 790 -
682 745 869 825 Μουσικῆς.
889 737 972 826 ἧός
986 741 1036 806 ότι
1052 748 1121 810 κάν
1138 745 1282 832 δένδρον
1329 761 1363 812 23

395 850 499 936 φησὶν
524 849 695 917 ἀναπνέον
720 849 867 935 ἀναφύει
893 850 933 916 τά
953 835 1057 936 ἀνδη·
1084 848 1107 938 ἤ
1132 852 1282 921 ἀλλοπα-

392 962 461 1037 θές.
489 1001 531 1009 -
559 959 614 1026 Ἐν
636 959 733 1048 ἀοίτιμ
752 953 806 1025 οἷα
827 964 999 1044 παίζομεν·
1025 959 1066 1026 orl
1086 965 1282 1029 σπουδαίων
1303 979 1387 1046 itaq.

393 1068 530 1156 ἀνδρῶν
545 1069 601 1136 καὶ
613 1069 845 1155 ἐγρηγορότων
860 1069 916 1164 καλ
929 1071 1110 1155 νηφόντων
1124 1069 1161 1136 τό
1173 1071 1217 1158 itt
1219 1096 1280 1156 ειν,

394 1177 478 1245 ἀλλά
493 1183 636 1264 λίχνων,
662 1180 719 1244 καὶ
734 1177 807 1244 οὐδ’
826 1180 864 1244 έν
879 1179 978 1264 ἑτέρῳ
995 1185 1101 1267 καιρῷ
1116 1179 1280 1268 ᾀδόντων,

394 1288 469 1354 ἀλλ’
490 1285 567 1374 ν’(έν
592 1293 639 1375 τῷ
655 1293 714 1373 τῆς
728 1289 895 1374 τραπέζης.
926 1295 1031 1374 φίλαν
1048 1291 1103 1372 δὲ,
1128 1289 1204 1356 ἀντὶ
1221 1296 1282 1356 τοῦ
1330 1301 1363 1349 24

394 1397 590 1484 φιλοποιόν·
621 1399 659 1464 έν
686 1389 709 1484 ἦ
730 1396 945 1481 ἀθροίζονται
968 1399 1092 1476 πάυτες
1115 1401 1150 1464 oi
1175 1405 1280 1485 φίλοι,

381 1507 505 1600 Ι,οὐδεὶς
525 1505 559 1572 δ’
580 1505 647 1572 ἀπὸ
667 1511 735 1572 τάν
758 1508 902 1592 ἐχθροῖν.
930 1503 954 1592 η’
973 1509 1011 1574 έν
1033 1499 1055 1594 ᾗ
1076 1513 1229 1592 γίνονται
1250 1512 1286 1575 οἱ

395 1621 498 1701 φίλοι.
515 1657 557 1665 -
575 1617 732 1702 [Ἄλλως]
751 1614 956 1700 ἀγλαΐζεται·
975 1613 1282 1704 [ἀγλαλζόμενοςέν

394 1731 440 1814 τῷ
456 1731 516 1812 (27,
534 1735 553 1798 8
569 1709 667 1813 naal..

395 1838 443 1921 (έν
466 1835 592 1920 χρήσει.)
617 1845 650 1900 Μ.
676 1843 745 1919 (Ε),
770 1850 786 1904 7
812 1839 950 1919 (Δωρίαν
971 1841 1004 1900 οί
1018 1839 1087 1920 μέν)
1112 1877 1149 1886 -
1179 1853 1211 1906 18
1232 1848 1281 1904 Th.

395 1925 444 2008 [33
458 1947 500 2002 sq.
518 1930 617 1988 similia
628 1925 720 2006 Th.i]‚
739 1935 883 1997 aaa—m
894 1930 928 1984 M.
939 1925 989 2007 (E.)
1005 1925 1101 2006 [308q.
1111 1927 1280 2008 similia'lh.]

435 2029 473 2096 τό
496 2033 533 2096 δὲ
555 2031 636 2096 σύτο
661 2032 777 2114 δέμας,
801 2029 876 2095 ἀντὶ
899 2035 960 2094 τοῦ
985 2029 1069 2106 όςτις
1089 2031 1224 2116 ὥρμησε
1246 2031 1283 2097 τὸ
1331 2047 1363 2095 32

394 2143 494 2226 δέμας
513 2139 596 2226 πρὸς
610 2138 670 2205 τόν
687 2141 824 2225 δρόμον.

313 2264 347 2314 26
437 2250 474 2315 τὸ
495 2251 532 2316 δὲ
553 2249 634 2316 σότο
656 2250 772 2334 δέμας,
796 2249 891 2336 ὥρμα
915 2247 997 2336 πρὸς
1018 2247 1079 2316 τόν
1100 2251 1237 2338 δρόμον.
1261 2247 1284 2335 ἢ

395 2359 523 2447 [οὕτως.
548 2360 719 2444 ὥρμησεν·

314 2485 345 2534 31
439 2473 522 2535 ένιοι
543 2471 580 2534 δὲ
601 2467 886 2554 ἀναγινώσκουσι]
916 2473 1164 2553 Συρακουσίων
1183 2470 1282 2535 ίιιιιο-
1330 2481 1363 2533 35

397 2583 528 2663 χαρμάν
543 2578 873 2665 συμ[παροξυ’νοντες

327 2703 336 2752 1
438 2686 601 2774 Εάἀνορι]
619 2693 661 2774 τῇ
679 2687 915 2773 ἀνδρειοτάτη,
940 2692 981 2774 τῇ
1000 2678 1038 2753 εὖ
1054 2689 1194 2776 διδοόση
1215 2702 1284 2766 τοῖς
1331 2700 1363 2750 37

396 2797 571 2884 ἀνδράσιν.
676 2865 681 2874 ,

298 2923 363 2990 (inq.
397 2918 441 2972 Tr.
466 2923 577 2978 25-36
598 2900 744 2989 utrimque
763 2916 795 2970 ll.
813 2911 885 2990 (Ε),
906 2922 939 2976 36
955 2902 1100 2994 (Ἰσιορία)
1115 2925 1197 2979 -31,
1210 2925 1227 2978 8
1240 2920 1283 2974 Tr.

396 2997 437 3078 (it,
450 3019 486 3142 ep
497 2999 585 3164 (οἳ),
605 3010 647 3070 31,
668 3009 699 3060 14
711 3017 753 3072 sq.
772 3008 800 3056 et
812 3001 964 3062 ar-aoti.
976 2996 1033 3077 (Ε),
1049 3009 1161 3062 30-33
1176 3002 1224 3058 ih.
1241 3001 1282 3075 (ex

395 3101 448 3142 reo.
487 3104 531 3142 r..

316 3203 347 3269 15
438 3187 526 3264 τινὲς
541 3188 578 3252 δέ
593 3185 668 3272 την]
692 3187 816 3271 Θέμιν.
829 3191 891 3252 Vnt.
908 3192 931 3252 B
949 3197 978 3252 et
990 3192 1071 3252 Caes,
1088 3192 1121 3252 Α.
1140 3225 1175 3238 -
1198 3192 1282 3270 Vulg.

396 3302 502 3378 (Rom.)
521 3298 651 3362 Θέτιδα.
666 3299 687 3382 ¹)

438 3408 619 3471 Ποσειδᾶν.
650 3405 712 3490 την
734 3407 893 3490 ἐργασίαν
916 3403 1022 3490 αὐτὴν
1050 3404 1202 3490 ὀνομάζει
1228 3407 1283 3472 λέ-
1331 3422 1365 3474 39

396 3521 498 3602 βητα,
520 3515 627 3600 ἤγουν
642 3513 704 3600 τὴν
718 3517 850 3602 πράξιν.

440 3628 607 3710 Φαίδιμον
628 3624 820 3712 ἐξήνεγκεν·
844 3623 951 3712 ἕτεροι
969 3627 997 3709 (λ)
1020 3623 1103 3691 ὅθεν
1124 3625 1180 3692 καί
1199 3625 1283 3692 ἀκά-

396 3743 521 3820 θαρτος
547 3737 645 3821 λέβης
672 3737 808 3812 ἐκεῖνος.
843 3735 950 3821 ἕτεροι
971 3736 1008 3801 δὲ
1033 3735 1083 3800 ὅτι
1110 3739 1190 3820 (οοδ.
1212 3737 1281 3822 ὅτε)

198 3895 288 3962 gignit
311 3894 387 3959 regio
405 3894 603 3944 Panormitana
626 3897 683 3942 tam
706 3893 843 3942 studiosus
866 3893 920 3941 suit
937 3892 1071 3942 Pindarus
1095 3908 1175 3957 quam
1198 3893 1263 3942 olim
1287 3894 1387 3946 fuimus

198 3983 379 4045 peragrantes
393 3977 516 4028 Siciliam
529 4005 560 4012 —
574 3968 709 4028 εόάλωτοι
722 3968 776 4041 γάρ
788 3973 906 4040 ποιηταὶ
919 3967 1104 4042 λιγνεόμασιν
1114 4003 1149 4012 -
1161 3993 1216 4026 non
1229 3978 1288 4028 sine
1302 3994 1389 4030 cauea

198 4066 239 4114 ita
257 4063 383 4114 laudaret
400 4067 502 4113 terram
521 4063 648 4128 opimam.
684 4061 743 4110 Iam
762 4075 779 4110 a
797 4060 884 4124 pomis
904 4060 938 4109 ad
956 4060 1052 4123 florea,
1073 4076 1089 4110 a
1107 4061 1218 4112 floribus
1238 4063 1272 4113 ad
1291 4063 1387 4129 epulas

197 4148 289 4198 lautas
302 4147 413 4198 tacilius
427 4147 536 4208 transit,
555 4159 629 4196 more
647 4149 789 4211 poetarum
808 4145 910 4194 similia
924 4149 1101 4208 connectens,
1121 4161 1190 4211 quaa
1205 4147 1284 4211 qnasi
1296 4147 1388 4197 omnia

198 4251 231 4284 ex
249 4249 304 4284 nna
321 4232 444 4298 imagine
463 4231 592 4296 pendent.
614 4257 646 4266 -
665 4229 707 4279 ef.
722 4228 801 4280 Hom.
815 4229 848 4280 ΙΙ.
862 4247 882 4294 ι,
896 4229 955 4282 542.

221 4347 233 4360 ·
267 4316 285 4380 ¹)
309 4319 441 4368 Fortasse
464 4315 494 4363 in
516 4314 592 4364 nullo
611 4314 682 4366 libro
700 4313 809 4377 Thetis,
834 4315 863 4364 in
882 4314 1006 4364 omnibus
1029 4315 1126 4365 Themin
1150 4319 1385 4379 commemoratur,

200 4402 278 4466 quod,
300 4417 380 4466 quum
399 4401 471 4466 apud
489 4400 593 4450 nullum
612 4399 695 4452 alium
708 4399 936 4465 mythographum
953 4400 1023 4450 haee
1042 4401 1094 4450 dea
1113 4389 1275 4464 nominetur,
1296 4401 1331 4450 ad
1344 4401 1386 4450 fa-

198 4486 293 4536 bulam
310 4485 421 4552 Pelopis
439 4489 518 4536 reeta
537 4484 731 4551 explicandam
748 4483 831 4536 valde
849 4485 978 4550 pertinet.
