<?xml version="1.0" encoding="UTF-8"?>
<!DOCTYPE html PUBLIC "-//W3C//DTD XHTML 1.0 Transitional//EN"
    "http://www.w3.org/TR/xhtml1/DTD/xhtml1-transitional.dtd">
<html xmlns="http://www.w3.org/1999/xhtml" xml:lang="en" lang="en">
 <head>
  <title>
</title>
<meta http-equiv="Content-Type" content="text/html;charset=utf-8" />
  <meta name='ocr-system' content='tesseract 3.04.00' />
  <meta name='ocr-capabilities' content='ocr_page ocr_carea ocr_par ocr_line ocrx_word'/>
</head>
<body>
  <div class='ocr_page' id='page_1' title='image "./scholiainpindar00germgoog_0019.png"; bbox 0 0 3322 5190; ppageno 0'>
   <div class='ocr_carea' id='block_1_1' title="bbox 267 347 1035 394">
    <p class='ocr_par' dir='ltr' id='par_1_1' title="bbox 267 347 1035 394">
     <span class='ocr_line' id='line_1_1' title="bbox 267 347 1035 394; baseline 0.005 -4"><span class='ocrx_word' id='word_1_1' title='bbox 267 347 317 391; x_wconf 84' lang='grc' dir='ltr'>ΧΠ</span> <span class='ocrx_word' id='word_1_2' title='bbox 682 352 855 394; x_wconf 71' lang='lat' dir='ltr'>EPIS&#39;POLAE</span> <span class='ocrx_word' id='word_1_3' title='bbox 879 351 1035 394; x_wconf 66' lang='lat' dir='ltr'>commate.</span> 
     </span>
    </p>
   </div>
   <div class='ocr_carea' id='block_1_2' title="bbox 266 500 1454 685">
    <p class='ocr_par' dir='ltr' id='par_1_2' title="bbox 266 500 1454 685">
     <span class='ocr_line' id='line_1_2' title="bbox 266 500 1452 582; baseline 0.004 -22"><span class='ocrx_word' id='word_1_4' title='bbox 266 500 407 562; x_wconf 92' lang='lat' dir='ltr'>librorum</span> <span class='ocrx_word' id='word_1_5' title='bbox 435 500 590 581; x_wconf 81' lang='lat' dir='ltr'>collatione</span> <span class='ocrx_word' id='word_1_6' title='bbox 615 501 690 561; x_wconf 89' lang='lat' dir='ltr'>ellici</span> <span class='ocrx_word' id='word_1_7' title='bbox 718 501 826 580; x_wconf 84' lang='lat' dir='ltr'>possit,</span> <span class='ocrx_word' id='word_1_8' title='bbox 855 501 926 562; x_wconf 90' lang='lat' dir='ltr'>alios</span> <span class='ocrx_word' id='word_1_9' title='bbox 950 501 1077 564; x_wconf 74' lang='lat' dir='ltr'><strong>editores</strong></span> <span class='ocrx_word' id='word_1_10' title='bbox 1096 502 1231 578; x_wconf 88' lang='lat' dir='ltr'>doceam,</span> <span class='ocrx_word' id='word_1_11' title='bbox 1259 523 1319 564; x_wconf 93' lang='lat' dir='ltr'>nou</span> <span class='ocrx_word' id='word_1_12' title='bbox 1343 521 1401 582; x_wconf 91' lang='lat' dir='ltr'>quo</span> <span class='ocrx_word' id='word_1_13' title='bbox 1424 504 1452 565; x_wconf 92' lang='lat' dir='ltr'>id</span> 
     </span>
     <span class='ocr_line' id='line_1_3' title="bbox 267 595 1454 685; baseline 0.003 -23"><span class='ocrx_word' id='word_1_14' title='bbox 267 603 345 680; x_wconf 86' lang='lat' dir='ltr'>quod</span> <span class='ocrx_word' id='word_1_15' title='bbox 367 602 431 682; x_wconf 92' lang='lat' dir='ltr'>ipse</span> <span class='ocrx_word' id='word_1_16' title='bbox 448 603 609 682; x_wconf 81' lang='lat' dir='ltr'><strong>probavero</strong></span> <span class='ocrx_word' id='word_1_17' title='bbox 632 595 852 663; x_wconf 83' lang='lat' dir='ltr'>vel-coniecere</span> <span class='ocrx_word' id='word_1_18' title='bbox 870 609 979 663; x_wconf 84' lang='lat' dir='ltr'>textum</span> <span class='ocrx_word' id='word_1_19' title='bbox 1001 623 1068 664; x_wconf 90' lang='lat' dir='ltr'>aere</span> <span class='ocrx_word' id='word_1_20' title='bbox 1082 603 1286 684; x_wconf 88' lang='lat' dir='ltr'>perenniorem</span> <span class='ocrx_word' id='word_1_21' title='bbox 1308 605 1370 666; x_wconf 90' lang='lat' dir='ltr'>lore</span> <span class='ocrx_word' id='word_1_22' title='bbox 1391 606 1454 685; x_wconf 94' lang='lat' dir='ltr'>opi-</span> 
     </span>
    </p>
   </div>
   <div class='ocr_carea' id='block_1_3' title="bbox 118 705 1454 786">
    <p class='ocr_par' dir='ltr' id='par_1_3' title="bbox 118 705 1454 786">
     <span class='ocr_line' id='line_1_4' title="bbox 118 705 1454 786; baseline 0.002 -22"><span class='ocrx_word' id='word_1_23' title='bbox 118 771 122 786; x_wconf 50' lang='lat'>,</span> <span class='ocrx_word' id='word_1_24' title='bbox 147 713 149 716; x_wconf 80' lang='grc'>’</span> <span class='ocrx_word' id='word_1_25' title='bbox 245 723 328 784; x_wconf 90' lang='lat' dir='ltr'>ner.</span> <span class='ocrx_word' id='word_1_26' title='bbox 373 705 438 775; x_wconf 85' lang='lat' dir='ltr'>Quo</span> <span class='ocrx_word' id='word_1_27' title='bbox 461 705 537 766; x_wconf 89' lang='lat' dir='ltr'>lacto</span> <span class='ocrx_word' id='word_1_28' title='bbox 566 712 736 765; x_wconf 84' lang='lat' dir='ltr'>eventurum</span> <span class='ocrx_word' id='word_1_29' title='bbox 758 721 825 764; x_wconf 90' lang='lat' dir='ltr'>esse</span> <span class='ocrx_word' id='word_1_30' title='bbox 849 722 936 782; x_wconf 91' lang='lat' dir='ltr'>spero</span> <span class='ocrx_word' id='word_1_31' title='bbox 958 711 989 764; x_wconf 91' lang='lat' dir='ltr'>ut</span> <span class='ocrx_word' id='word_1_32' title='bbox 1011 705 1046 766; x_wconf 89' lang='lat' dir='ltr'>iis</span> <span class='ocrx_word' id='word_1_33' title='bbox 1069 707 1118 783; x_wconf 91' lang='lat' dir='ltr'>qui</span> <span class='ocrx_word' id='word_1_34' title='bbox 1140 724 1187 766; x_wconf 93' lang='lat' dir='ltr'>me</span> <span class='ocrx_word' id='word_1_35' title='bbox 1210 706 1341 767; x_wconf 91' lang='lat' dir='ltr'>doctrina</span> <span class='ocrx_word' id='word_1_36' title='bbox 1367 715 1454 784; x_wconf 87' lang='lat' dir='ltr'>atque</span> 
     </span>
    </p>
   </div>
   <div class='ocr_carea' id='block_1_4' title="bbox 266 805 1452 984">
    <p class='ocr_par' dir='ltr' id='par_1_4' title="bbox 266 805 1452 984">
     <span class='ocr_line' id='line_1_5' title="bbox 266 805 1452 888; baseline 0.003 -23"><span class='ocrx_word' id='word_1_37' title='bbox 266 805 383 883; x_wconf 92' lang='lat' dir='ltr'>ingenio</span> <span class='ocrx_word' id='word_1_38' title='bbox 414 814 553 884; x_wconf 90' lang='lat' dir='ltr'>superant</span> <span class='ocrx_word' id='word_1_39' title='bbox 576 823 609 866; x_wconf 91' lang='lat' dir='ltr'>ea</span> <span class='ocrx_word' id='word_1_40' title='bbox 631 805 778 884; x_wconf 79' lang='lat' dir='ltr'><strong>porrigam</strong></span> <span class='ocrx_word' id='word_1_41' title='bbox 803 805 833 864; x_wconf 89' lang='lat' dir='ltr'>in</span> <span class='ocrx_word' id='word_1_42' title='bbox 857 805 962 882; x_wconf 87' lang='lat' dir='ltr'>quibus</span> <span class='ocrx_word' id='word_1_43' title='bbox 986 815 1301 885; x_wconf 74' lang='lat' dir='ltr'>utrumque&#39;exercere</span> <span class='ocrx_word' id='word_1_44' title='bbox 1330 809 1452 888; x_wconf 87' lang='lat' dir='ltr'>possint.</span> 
     </span>
     <span class='ocr_line' id='line_1_6' title="bbox 267 905 1208 984; baseline 0.002 -16"><span class='ocrx_word' id='word_1_45' title='bbox 267 907 334 968; x_wconf 89' lang='lat' dir='ltr'>Vale</span> <span class='ocrx_word' id='word_1_46' title='bbox 357 914 386 968; x_wconf 88' lang='lat' dir='ltr'>ct</span> <span class='ocrx_word' id='word_1_47' title='bbox 409 907 472 968; x_wconf 86' lang='lat' dir='ltr'>fave</span> <span class='ocrx_word' id='word_1_48' title='bbox 491 907 570 967; x_wconf 85' lang='lat' dir='ltr'>milri.</span> <span class='ocrx_word' id='word_1_49' title='bbox 616 906 725 966; x_wconf 80' lang='lat' dir='ltr'><strong>Dabam</strong></span> <span class='ocrx_word' id='word_1_50' title='bbox 748 905 822 984; x_wconf 84' lang='lat' dir='ltr'>prid.</span> <span class='ocrx_word' id='word_1_51' title='bbox 847 906 910 967; x_wconf 88' lang='lat' dir='ltr'>llal.</span> <span class='ocrx_word' id='word_1_52' title='bbox 934 907 998 967; x_wconf 90' lang='lat' dir='ltr'>Oct.</span> <span class='ocrx_word' id='word_1_53' title='bbox 1021 908 1208 970; x_wconf 84' lang='lat' dir='ltr'><strong>MDCCCLX.</strong></span> 
     </span>
    </p>
   </div>
   <div class='ocr_carea' id='block_1_5' title="bbox 545 1192 1158 1426">
    <p class='ocr_par' dir='ltr' id='par_1_5' title="bbox 545 1192 1158 1426">
     <span class='ocr_line' id='line_1_7' title="bbox 833 1192 883 1266; baseline 0.04 -2"><span class='ocrx_word' id='word_1_54' title='bbox 833 1192 883 1266; x_wconf 91' lang='grc' dir='ltr'>ΙΙ.</span> 
     </span>
     <span class='ocr_line' id='line_1_8' title="bbox 545 1353 1158 1426; baseline 0.003 -2"><span class='ocrx_word' id='word_1_55' title='bbox 545 1353 830 1426; x_wconf 79' lang='lat' dir='ltr'>THEODORO</span> <span class='ocrx_word' id='word_1_56' title='bbox 857 1355 1094 1426; x_wconf 81' lang='lat' dir='ltr'><strong>BERGKIO</strong></span> <span class='ocrx_word' id='word_1_57' title='bbox 1122 1357 1158 1426; x_wconf 78' lang='lat' dir='ltr'>S.</span> 
     </span>
    </p>
   </div>
   <div class='ocr_carea' id='block_1_6' title="bbox 228 1553 1535 4584">
    <p class='ocr_par' dir='ltr' id='par_1_6' title="bbox 228 1553 1535 3443">
     <span class='ocr_line' id='line_1_9' title="bbox 349 1553 1452 1633; baseline 0.003 -19"><span class='ocrx_word' id='word_1_58' title='bbox 349 1553 414 1614; x_wconf 90' lang='lat' dir='ltr'>Non</span> <span class='ocrx_word' id='word_1_59' title='bbox 435 1553 589 1615; x_wconf 92' lang='lat' dir='ltr'>immemor</span> <span class='ocrx_word' id='word_1_60' title='bbox 612 1555 675 1616; x_wconf 92' lang='lat' dir='ltr'>eius</span> <span class='ocrx_word' id='word_1_61' title='bbox 698 1553 885 1631; x_wconf 75' lang='lat' dir='ltr'>benignitatis</span> <span class='ocrx_word' id='word_1_62' title='bbox 908 1573 964 1632; x_wconf 91' lang='lat' dir='ltr'>qua</span> <span class='ocrx_word' id='word_1_63' title='bbox 988 1555 1032 1614; x_wconf 84' lang='lat' dir='ltr'>&#39;lu</span> <span class='ocrx_word' id='word_1_64' title='bbox 1057 1553 1142 1630; x_wconf 91' lang='lat' dir='ltr'>olim,</span> <span class='ocrx_word' id='word_1_65' title='bbox 1168 1554 1209 1614; x_wconf 90' lang='lat' dir='ltr'>vir</span> <span class='ocrx_word' id='word_1_66' title='bbox 1229 1555 1452 1633; x_wconf 87' lang='lat' dir='ltr'>spectatissime,</span> 
     </span>
     <span class='ocr_line' id='line_1_10' title="bbox 265 1655 1453 1737; baseline 0.002 -23"><span class='ocrx_word' id='word_1_67' title='bbox 265 1674 329 1714; x_wconf 94' lang='lat' dir='ltr'>mea</span> <span class='ocrx_word' id='word_1_68' title='bbox 353 1655 448 1716; x_wconf 90' lang='lat' dir='ltr'>studia</span> <span class='ocrx_word' id='word_1_69' title='bbox 471 1655 622 1716; x_wconf 80' lang='lat' dir='ltr'>Pindarico</span> <span class='ocrx_word' id='word_1_70' title='bbox 644 1656 792 1737; x_wconf 83' lang='lat' dir='ltr'>excepisti,</span> <span class='ocrx_word' id='word_1_71' title='bbox 816 1675 832 1716; x_wconf 93' lang='lat' dir='ltr'>a</span> <span class='ocrx_word' id='word_1_72' title='bbox 851 1656 892 1716; x_wconf 84' lang='lat' dir='ltr'>&#39;le</span> <span class='ocrx_word' id='word_1_73' title='bbox 914 1656 1100 1735; x_wconf 87' lang='lat' dir='ltr'>potissimum</span> <span class='ocrx_word' id='word_1_74' title='bbox 1123 1665 1191 1734; x_wconf 91' lang='lat' dir='ltr'>peto</span> <span class='ocrx_word' id='word_1_75' title='bbox 1215 1663 1245 1716; x_wconf 92' lang='lat' dir='ltr'>ut</span> <span class='ocrx_word' id='word_1_76' title='bbox 1266 1675 1344 1716; x_wconf 90' lang='lat' dir='ltr'>nunc</span> <span class='ocrx_word' id='word_1_77' title='bbox 1367 1657 1453 1716; x_wconf 91' lang='lat' dir='ltr'>etiam</span> 
     </span>
     <span class='ocr_line' id='line_1_11' title="bbox 265 1755 1453 1836; baseline 0.002 -20"><span class='ocrx_word' id='word_1_78' title='bbox 265 1755 373 1816; x_wconf 84' lang='lat' dir='ltr'>loreas</span> <span class='ocrx_word' id='word_1_79' title='bbox 420 1756 484 1818; x_wconf 86' lang='lat' dir='ltr'>Scis</span> <span class='ocrx_word' id='word_1_80' title='bbox 501 1775 548 1818; x_wconf 90' lang='lat' dir='ltr'>me</span> <span class='ocrx_word' id='word_1_81' title='bbox 563 1757 672 1819; x_wconf 91' lang='lat' dir='ltr'>Tecum</span> <span class='ocrx_word' id='word_1_82' title='bbox 696 1765 723 1819; x_wconf 91' lang='lat' dir='ltr'>et</span> <span class='ocrx_word' id='word_1_83' title='bbox 747 1777 814 1818; x_wconf 93' lang='lat' dir='ltr'>cum</span> <span class='ocrx_word' id='word_1_84' title='bbox 827 1757 958 1818; x_wconf 84' lang='lat' dir='ltr'>Bdckhio</span> <span class='ocrx_word' id='word_1_85' title='bbox 981 1757 1041 1818; x_wconf 88' lang='lat' dir='ltr'>viro</span> <span class='ocrx_word' id='word_1_86' title='bbox 1064 1756 1168 1818; x_wconf 91' lang='lat' dir='ltr'>illustri</span> <span class='ocrx_word' id='word_1_87' title='bbox 1191 1757 1292 1836; x_wconf 92' lang='lat' dir='ltr'>primis</span> <span class='ocrx_word' id='word_1_88' title='bbox 1312 1758 1453 1818; x_wconf 90' lang='lat' dir='ltr'>nonnulla</span> 
     </span>
     <span class='ocr_line' id='line_1_12' title="bbox 266 1856 1453 1938; baseline 0.001 -20"><span class='ocrx_word' id='word_1_89' title='bbox 266 1878 300 1918; x_wconf 80' lang='lat' dir='ltr'>ex</span> <span class='ocrx_word' id='word_1_90' title='bbox 321 1856 424 1918; x_wconf 91' lang='lat' dir='ltr'>itinere</span> <span class='ocrx_word' id='word_1_91' title='bbox 443 1857 575 1918; x_wconf 85' lang='lat' dir='ltr'>Romano</span> <span class='ocrx_word' id='word_1_92' title='bbox 598 1858 634 1918; x_wconf 92' lang='lat' dir='ltr'>de</span> <span class='ocrx_word' id='word_1_93' title='bbox 655 1859 829 1920; x_wconf 89' lang='lat' dir='ltr'>VaticanoB</span> <span class='ocrx_word' id='word_1_94' title='bbox 855 1859 914 1938; x_wconf 81' lang='lat' dir='ltr'>(qui</span> <span class='ocrx_word' id='word_1_95' title='bbox 931 1858 1022 1919; x_wconf 87' lang='lat' dir='ltr'>Fulvii</span> <span class='ocrx_word' id='word_1_96' title='bbox 1043 1857 1142 1918; x_wconf 89' lang='lat' dir='ltr'>Ursini</span> <span class='ocrx_word' id='word_1_97' title='bbox 1163 1858 1224 1937; x_wconf 88' lang='lat' dir='ltr'>luit)</span> <span class='ocrx_word' id='word_1_98' title='bbox 1249 1858 1370 1938; x_wconf 84' lang='lat' dir='ltr'>aliisque</span> <span class='ocrx_word' id='word_1_99' title='bbox 1386 1859 1453 1920; x_wconf 94' lang='lat' dir='ltr'>Pin-</span> 
     </span>
     <span class='ocr_line' id='line_1_13' title="bbox 228 1959 1454 2039; baseline 0.002 -20"><span class='ocrx_word' id='word_1_100' title='bbox 228 1991 231 1998; x_wconf 86' lang='lat'>.</span> <span class='ocrx_word' id='word_1_101' title='bbox 265 1959 327 2020; x_wconf 92' lang='lat' dir='ltr'>dari</span> <span class='ocrx_word' id='word_1_102' title='bbox 355 1959 504 2020; x_wconf 91' lang='lat' dir='ltr'>codicibus</span> <span class='ocrx_word' id='word_1_103' title='bbox 534 1961 776 2022; x_wconf 90' lang='lat' dir='ltr'>communicasse.</span> <span class='ocrx_word' id='word_1_104' title='bbox 823 1960 902 2020; x_wconf 87' lang='lat' dir='ltr'>llaec</span> <span class='ocrx_word' id='word_1_105' title='bbox 931 1967 959 2019; x_wconf 91' lang='lat' dir='ltr'>et</span> <span class='ocrx_word' id='word_1_106' title='bbox 980 1960 1224 2039; x_wconf 90' lang='lat' dir='ltr'>Ephemeridibus</span> <span class='ocrx_word' id='word_1_107' title='bbox 1246 1959 1316 2020; x_wconf 87' lang='lat' dir='ltr'>Tuis</span> <span class='ocrx_word' id='word_1_108' title='bbox 1344 1969 1372 2022; x_wconf 91' lang='lat' dir='ltr'>et</span> <span class='ocrx_word' id='word_1_109' title='bbox 1394 1961 1454 2021; x_wconf 92' lang='lat' dir='ltr'>edi·</span> 
     </span>
     <span class='ocr_line' id='line_1_14' title="bbox 265 2059 1452 2142; baseline 0.001 -21"><span class='ocrx_word' id='word_1_110' title='bbox 265 2059 342 2122; x_wconf 89' lang='lat' dir='ltr'>tioni·</span> <span class='ocrx_word' id='word_1_111' title='bbox 357 2080 422 2122; x_wconf 92' lang='lat' dir='ltr'>cum</span> <span class='ocrx_word' id='word_1_112' title='bbox 445 2060 592 2122; x_wconf 89' lang='lat' dir='ltr'>insereres</span> <span class='ocrx_word' id='word_1_113' title='bbox 615 2061 771 2122; x_wconf 92' lang='lat' dir='ltr'>hincinde</span> <span class='ocrx_word' id='word_1_114' title='bbox 792 2080 851 2122; x_wconf 91' lang='lat' dir='ltr'>non</span> <span class='ocrx_word' id='word_1_115' title='bbox 873 2061 913 2122; x_wconf 92' lang='lat' dir='ltr'>ita</span> <span class='ocrx_word' id='word_1_116' title='bbox 933 2060 1088 2122; x_wconf 86' lang='lat' dir='ltr'>exhibuisti</span> <span class='ocrx_word' id='word_1_117' title='bbox 1111 2068 1143 2122; x_wconf 86' lang='lat' dir='ltr'>ut</span> <span class='ocrx_word' id='word_1_118' title='bbox 1159 2062 1266 2142; x_wconf 91' lang='lat' dir='ltr'>scripta</span> <span class='ocrx_word' id='word_1_119' title='bbox 1288 2081 1353 2122; x_wconf 90' lang='lat' dir='ltr'>esse</span> <span class='ocrx_word' id='word_1_120' title='bbox 1374 2062 1452 2124; x_wconf 85' lang='lat' dir='ltr'>vole·</span> 
     </span>
     <span class='ocr_line' id='line_1_15' title="bbox 265 2162 1454 2242; baseline 0.001 -18"><span class='ocrx_word' id='word_1_121' title='bbox 265 2163 343 2224; x_wconf 93' lang='lat' dir='ltr'>bam.</span> <span class='ocrx_word' id='word_1_122' title='bbox 387 2162 461 2222; x_wconf 91' lang='lat' dir='ltr'>Nam</span> <span class='ocrx_word' id='word_1_123' title='bbox 482 2162 583 2223; x_wconf 86' lang='lat' dir='ltr'>lefellit</span> <span class='ocrx_word' id='word_1_124' title='bbox 603 2163 643 2223; x_wconf 82' lang='lat' dir='ltr'>&#39;le</span> <span class='ocrx_word' id='word_1_125' title='bbox 664 2163 707 2223; x_wconf 91' lang='lat' dir='ltr'>vel</span> <span class='ocrx_word' id='word_1_126' title='bbox 731 2163 828 2242; x_wconf 89' lang='lat' dir='ltr'>potius</span> <span class='ocrx_word' id='word_1_127' title='bbox 850 2163 1063 2242; x_wconf 82' lang='lat' dir='ltr'><strong>typographum</strong></span> <span class='ocrx_word' id='word_1_128' title='bbox 1087 2163 1180 2224; x_wconf 82' lang='lat' dir='ltr'>Tuum</span> <span class='ocrx_word' id='word_1_129' title='bbox 1210 2163 1349 2242; x_wconf 90' lang='lat' dir='ltr'>epistolae</span> <span class='ocrx_word' id='word_1_130' title='bbox 1371 2183 1454 2225; x_wconf 91' lang='lat' dir='ltr'>meae</span> 
     </span>
     <span class='ocr_line' id='line_1_16' title="bbox 265 2263 1454 2344; baseline 0.001 -19"><span class='ocrx_word' id='word_1_131' title='bbox 265 2265 344 2342; x_wconf 87' lang='lat' dir='ltr'>quod</span> <span class='ocrx_word' id='word_1_132' title='bbox 372 2272 570 2324; x_wconf 82' lang='lat' dir='ltr'>atramentum</span> <span class='ocrx_word' id='word_1_133' title='bbox 596 2264 697 2325; x_wconf 88' lang='lat' dir='ltr'>nescio</span> <span class='ocrx_word' id='word_1_134' title='bbox 727 2283 764 2324; x_wconf 93' lang='lat' dir='ltr'>an</span> <span class='ocrx_word' id='word_1_135' title='bbox 789 2269 1031 2338; x_wconf 83' lang='lat' dir='ltr'>pallidamentum</span> <span class='ocrx_word' id='word_1_136' title='bbox 1059 2263 1171 2338; x_wconf 88' lang='lat' dir='ltr'>dicam,</span> <span class='ocrx_word' id='word_1_137' title='bbox 1206 2275 1340 2344; x_wconf 91' lang='lat' dir='ltr'>paratum</span> <span class='ocrx_word' id='word_1_138' title='bbox 1369 2266 1454 2326; x_wconf 93' lang='lat' dir='ltr'>nobis</span> 
     </span>
     <span class='ocr_line' id='line_1_17' title="bbox 267 2364 1455 2445; baseline 0.001 -18"><span class='ocrx_word' id='word_1_139' title='bbox 267 2365 436 2445; x_wconf 86' lang='lat' dir='ltr'>Capitolinis</span> <span class='ocrx_word' id='word_1_140' title='bbox 457 2384 472 2424; x_wconf 90' lang='lat' dir='ltr'>a</span> <span class='ocrx_word' id='word_1_141' title='bbox 493 2364 554 2425; x_wconf 88' lang='lat' dir='ltr'>viro</span> <span class='ocrx_word' id='word_1_142' title='bbox 574 2364 681 2443; x_wconf 85' lang='lat' dir='ltr'>insigni</span> <span class='ocrx_word' id='word_1_143' title='bbox 704 2373 732 2426; x_wconf 89' lang='lat' dir='ltr'>et</span> <span class='ocrx_word' id='word_1_144' title='bbox 749 2380 891 2445; x_wconf 88' lang='lat' dir='ltr'>perquam</span> <span class='ocrx_word' id='word_1_145' title='bbox 909 2365 1045 2436; x_wconf 84' lang='lat' dir='ltr'>humano,</span> <span class='ocrx_word' id='word_1_146' title='bbox 1068 2383 1154 2442; x_wconf 89' lang='lat' dir='ltr'>quem</span> <span class='ocrx_word' id='word_1_147' title='bbox 1170 2366 1227 2426; x_wconf 94' lang='lat' dir='ltr'>iam</span> <span class='ocrx_word' id='word_1_148' title='bbox 1243 2367 1298 2426; x_wconf 88' lang='lat' dir='ltr'>lata</span> <span class='ocrx_word' id='word_1_149' title='bbox 1319 2367 1455 2428; x_wconf 91' lang='lat' dir='ltr'>omnibus</span> 
     </span>
     <span class='ocr_line' id='line_1_18' title="bbox 265 2451 1455 2546; baseline 0.001 -18"><span class='ocrx_word' id='word_1_150' title='bbox 265 2467 361 2528; x_wconf 91' lang='lat' dir='ltr'>invitis</span> <span class='ocrx_word' id='word_1_151' title='bbox 386 2451 586 2546; x_wconf 87' lang='lat' dir='ltr'>abripuerunt,</span> <span class='ocrx_word' id='word_1_152' title='bbox 611 2467 753 2546; x_wconf 89' lang='lat' dir='ltr'>cuiusque</span> <span class='ocrx_word' id='word_1_153' title='bbox 777 2466 893 2528; x_wconf 88' lang='lat' dir='ltr'>sodales</span> <span class='ocrx_word' id='word_1_154' title='bbox 915 2465 992 2527; x_wconf 92' lang='lat' dir='ltr'>illius</span> <span class='ocrx_word' id='word_1_155' title='bbox 1015 2467 1155 2546; x_wconf 89' lang='lat' dir='ltr'>temporis</span> <span class='ocrx_word' id='word_1_156' title='bbox 1177 2467 1455 2529; x_wconf 88' lang='lat' dir='ltr'>dilectissimi-bene</span> 
     </span>
     <span class='ocr_line' id='line_1_19' title="bbox 265 2557 1455 2646; baseline 0.001 -16"><span class='ocrx_word' id='word_1_157' title='bbox 265 2568 460 2630; x_wconf 88' lang='lat' dir='ltr'>meminerint.</span> <span class='ocrx_word' id='word_1_158' title='bbox 505 2557 584 2629; x_wconf 92' lang='lat' dir='ltr'>Haec</span> <span class='ocrx_word' id='word_1_159' title='bbox 610 2569 716 2630; x_wconf 92' lang='lat' dir='ltr'>menda</span> <span class='ocrx_word' id='word_1_160' title='bbox 746 2568 892 2646; x_wconf 83' lang='lat' dir='ltr'>corrigere</span> <span class='ocrx_word' id='word_1_161' title='bbox 915 2576 1001 2645; x_wconf 89' lang='lat' dir='ltr'>atque</span> <span class='ocrx_word' id='word_1_162' title='bbox 1030 2569 1193 2628; x_wconf 88' lang='lat' dir='ltr'>universam</span> <span class='ocrx_word' id='word_1_163' title='bbox 1220 2568 1286 2644; x_wconf 83' lang='lat' dir='ltr'>libri</span> <span class='ocrx_word' id='word_1_164' title='bbox 1308 2569 1455 2631; x_wconf 91' lang='lat' dir='ltr'>Ursiniani</span> 
     </span>
     <span class='ocr_line' id='line_1_20' title="bbox 266 2652 1455 2750; baseline 0.001 -19"><span class='ocrx_word' id='word_1_165' title='bbox 266 2652 439 2750; x_wconf 82' lang='lat' dir='ltr'>scripturam</span> <span class='ocrx_word' id='word_1_166' title='bbox 468 2669 577 2750; x_wconf 91' lang='lat' dir='ltr'>publici</span> <span class='ocrx_word' id='word_1_167' title='bbox 607 2669 678 2730; x_wconf 92' lang='lat' dir='ltr'>iuris</span> <span class='ocrx_word' id='word_1_168' title='bbox 707 2671 803 2730; x_wconf 88' lang='lat' dir='ltr'>lacere</span> <span class='ocrx_word' id='word_1_169' title='bbox 830 2669 859 2728; x_wconf 94' lang='lat' dir='ltr'>in</span> <span class='ocrx_word' id='word_1_170' title='bbox 887 2669 982 2729; x_wconf 90' lang='lat' dir='ltr'>animo</span> <span class='ocrx_word' id='word_1_171' title='bbox 1012 2677 1082 2729; x_wconf 90' lang='lat' dir='ltr'>erat.</span> <span class='ocrx_word' id='word_1_172' title='bbox 1137 2669 1195 2729; x_wconf 89' lang='lat' dir='ltr'>Sed</span> <span class='ocrx_word' id='word_1_173' title='bbox 1223 2669 1331 2748; x_wconf 88' lang='lat' dir='ltr'>ingruit</span> <span class='ocrx_word' id='word_1_174' title='bbox 1357 2671 1455 2732; x_wconf 88' lang='lat' dir='ltr'>clades</span> 
     </span>
     <span class='ocr_line' id='line_1_21' title="bbox 243 2770 1524 2852; baseline -0.001 -19"><span class='ocrx_word' id='word_1_175' title='bbox 243 2771 568 2833; x_wconf 81' lang='lat' dir='ltr'>.Slesvico·Holsatiea.</span> <span class='ocrx_word' id='word_1_176' title='bbox 615 2770 679 2841; x_wconf 81' lang='lat' dir='ltr'>Qua</span> <span class='ocrx_word' id='word_1_177' title='bbox 703 2770 760 2831; x_wconf 91' lang='lat' dir='ltr'>iam</span> <span class='ocrx_word' id='word_1_178' title='bbox 785 2771 972 2852; x_wconf 89' lang='lat' dir='ltr'>impendente</span> <span class='ocrx_word' id='word_1_179' title='bbox 1000 2789 1089 2849; x_wconf 92' lang='lat' dir='ltr'>quum</span> <span class='ocrx_word' id='word_1_180' title='bbox 1110 2770 1203 2830; x_wconf 87' lang='lat' dir='ltr'>literis</span> <span class='ocrx_word' id='word_1_181' title='bbox 1226 2789 1273 2830; x_wconf 90' lang='lat' dir='ltr'>me</span> <span class='ocrx_word' id='word_1_182' title='bbox 1300 2773 1455 2834; x_wconf 87' lang='lat' dir='ltr'>certiorem</span> <span class='ocrx_word' id='word_1_183' title='bbox 1522 2817 1524 2822; x_wconf 68' lang='lat'>,</span> 
     </span>
     <span class='ocr_line' id='line_1_22' title="bbox 266 2871 1456 2952; baseline 0.001 -18"><span class='ocrx_word' id='word_1_184' title='bbox 266 2875 378 2934; x_wconf 89' lang='lat' dir='ltr'>laceres</span> <span class='ocrx_word' id='word_1_185' title='bbox 401 2880 431 2933; x_wconf 94' lang='lat' dir='ltr'>ut</span> <span class='ocrx_word' id='word_1_186' title='bbox 454 2872 517 2933; x_wconf 84' lang='lat' dir='ltr'>Tibi</span> <span class='ocrx_word' id='word_1_187' title='bbox 541 2872 711 2934; x_wconf 90' lang='lat' dir='ltr'>collationes</span> <span class='ocrx_word' id='word_1_188' title='bbox 734 2891 815 2933; x_wconf 90' lang='lat' dir='ltr'>meas</span> <span class='ocrx_word' id='word_1_189' title='bbox 838 2873 1000 2943; x_wconf 82' lang='lat' dir='ltr'>traderem,</span> <span class='ocrx_word' id='word_1_190' title='bbox 1029 2891 1088 2934; x_wconf 92' lang='lat' dir='ltr'>non</span> <span class='ocrx_word' id='word_1_191' title='bbox 1110 2871 1258 2952; x_wconf 90' lang='lat' dir='ltr'>respondi.</span> <span class='ocrx_word' id='word_1_192' title='bbox 1304 2873 1394 2934; x_wconf 87' lang='lat' dir='ltr'>Cuius</span> <span class='ocrx_word' id='word_1_193' title='bbox 1416 2874 1456 2935; x_wconf 89' lang='lat' dir='ltr'>si·</span> 
     </span>
     <span class='ocr_line' id='line_1_23' title="bbox 267 2963 1535 3054; baseline 0.001 -19"><span class='ocrx_word' id='word_1_194' title='bbox 267 2975 349 3036; x_wconf 89' lang='lat' dir='ltr'>lentii</span> <span class='ocrx_word' id='word_1_195' title='bbox 371 2973 485 3034; x_wconf 87' lang='lat' dir='ltr'>veniam</span> <span class='ocrx_word' id='word_1_196' title='bbox 503 2992 538 3033; x_wconf 87' lang='lat' dir='ltr'>ex</span> <span class='ocrx_word' id='word_1_197' title='bbox 556 2963 629 3053; x_wconf 86' lang='lat' dir='ltr'>ipsis</span> <span class='ocrx_word' id='word_1_198' title='bbox 653 2974 833 3054; x_wconf 89' lang='lat' dir='ltr'>temporibus</span> <span class='ocrx_word' id='word_1_199' title='bbox 856 2982 935 3053; x_wconf 86' lang='lat' dir='ltr'>peto,</span> <span class='ocrx_word' id='word_1_200' title='bbox 958 2992 1025 3034; x_wconf 90' lang='lat' dir='ltr'>narn</span> <span class='ocrx_word' id='word_1_201' title='bbox 1049 2992 1114 3034; x_wconf 93' lang='lat' dir='ltr'>cum</span> <span class='ocrx_word' id='word_1_202' title='bbox 1137 2973 1193 3034; x_wconf 91' lang='lat' dir='ltr'>iam</span> <span class='ocrx_word' id='word_1_203' title='bbox 1217 2973 1247 3034; x_wconf 90' lang='lat' dir='ltr'>in</span> <span class='ocrx_word' id='word_1_204' title='bbox 1269 2993 1304 3036; x_wconf 93' lang='lat' dir='ltr'>eo</span> <span class='ocrx_word' id='word_1_205' title='bbox 1328 2985 1407 3036; x_wconf 88' lang='lat' dir='ltr'>esset</span> <span class='ocrx_word' id='word_1_206' title='bbox 1425 2985 1456 3036; x_wconf 94' lang='lat' dir='ltr'>ut</span> <span class='ocrx_word' id='word_1_207' title='bbox 1532 2977 1535 2984; x_wconf 83' lang='lat'>&#39;</span> 
     </span>
     <span class='ocr_line' id='line_1_24' title="bbox 267 3075 1456 3154; baseline -0.001 -16"><span class='ocrx_word' id='word_1_208' title='bbox 267 3076 455 3154; x_wconf 87' lang='lat' dir='ltr'>evaderemus</span> <span class='ocrx_word' id='word_1_209' title='bbox 474 3075 552 3152; x_wconf 88' lang='lat' dir='ltr'>quod</span> <span class='ocrx_word' id='word_1_210' title='bbox 573 3092 652 3135; x_wconf 91' lang='lat' dir='ltr'>nuno</span> <span class='ocrx_word' id='word_1_211' title='bbox 668 3092 769 3135; x_wconf 93' lang='lat' dir='ltr'>sumus</span> <span class='ocrx_word' id='word_1_212' title='bbox 793 3092 865 3152; x_wconf 86' lang='lat' dir='ltr'>gens</span> <span class='ocrx_word' id='word_1_213' title='bbox 880 3075 993 3154; x_wconf 90' lang='lat' dir='ltr'>perdita</span> <span class='ocrx_word' id='word_1_214' title='bbox 1015 3084 1043 3134; x_wconf 91' lang='lat' dir='ltr'>et</span> <span class='ocrx_word' id='word_1_215' title='bbox 1058 3093 1165 3134; x_wconf 87' lang='lat' dir='ltr'>nomen</span> <span class='ocrx_word' id='word_1_216' title='bbox 1187 3076 1372 3151; x_wconf 84' lang='lat' dir='ltr'>exstinctum,</span> <span class='ocrx_word' id='word_1_217' title='bbox 1394 3096 1456 3138; x_wconf 94' lang='lat' dir='ltr'>mo-</span> 
     </span>
     <span class='ocr_line' id='line_1_25' title="bbox 265 3176 1456 3256; baseline -0.001 -17"><span class='ocrx_word' id='word_1_218' title='bbox 265 3177 362 3239; x_wconf 90' lang='lat' dir='ltr'>rosior</span> <span class='ocrx_word' id='word_1_219' title='bbox 377 3177 428 3237; x_wconf 93' lang='lat' dir='ltr'>lui.</span> <span class='ocrx_word' id='word_1_220' title='bbox 462 3176 582 3250; x_wconf 87' lang='lat' dir='ltr'>Postea,</span> <span class='ocrx_word' id='word_1_221' title='bbox 602 3185 633 3236; x_wconf 94' lang='lat' dir='ltr'>ut</span> <span class='ocrx_word' id='word_1_222' title='bbox 650 3183 804 3256; x_wconf 92' lang='lat' dir='ltr'>peccatum</span> <span class='ocrx_word' id='word_1_223' title='bbox 820 3177 967 3246; x_wconf 85' lang='lat' dir='ltr'>confitear,</span> <span class='ocrx_word' id='word_1_224' title='bbox 990 3176 1118 3237; x_wconf 90' lang='lat' dir='ltr'>scribere</span> <span class='ocrx_word' id='word_1_225' title='bbox 1136 3195 1183 3236; x_wconf 90' lang='lat' dir='ltr'>me</span> <span class='ocrx_word' id='word_1_226' title='bbox 1201 3177 1342 3256; x_wconf 89' lang='lat' dir='ltr'>pudebat:</span> <span class='ocrx_word' id='word_1_227' title='bbox 1371 3179 1456 3249; x_wconf 82' lang='lat' dir='ltr'>Quod</span> 
     </span>
     <span class='ocr_line' id='line_1_26' title="bbox 266 3277 1455 3358; baseline 0 -18"><span class='ocrx_word' id='word_1_228' title='bbox 266 3297 337 3358; x_wconf 90' lang='lat' dir='ltr'>rogo</span> <span class='ocrx_word' id='word_1_229' title='bbox 362 3290 389 3340; x_wconf 89' lang='lat' dir='ltr'>te</span> <span class='ocrx_word' id='word_1_230' title='bbox 409 3285 496 3356; x_wconf 89' lang='lat' dir='ltr'>atque</span> <span class='ocrx_word' id='word_1_231' title='bbox 519 3278 643 3340; x_wconf 91' lang='lat' dir='ltr'>obsecro</span> <span class='ocrx_word' id='word_1_232' title='bbox 665 3296 703 3338; x_wconf 94' lang='lat' dir='ltr'>ne</span> <span class='ocrx_word' id='word_1_233' title='bbox 722 3277 846 3357; x_wconf 82' lang='lat' dir='ltr'>graviter</span> <span class='ocrx_word' id='word_1_234' title='bbox 866 3277 952 3339; x_wconf 88' lang='lat' dir='ltr'>seras.</span> <span class='ocrx_word' id='word_1_235' title='bbox 986 3278 1046 3338; x_wconf 92' lang='lat' dir='ltr'>lam</span> <span class='ocrx_word' id='word_1_236' title='bbox 1069 3278 1257 3358; x_wconf 89' lang='lat' dir='ltr'>Euripideum</span> <span class='ocrx_word' id='word_1_237' title='bbox 1278 3279 1348 3340; x_wconf 89' lang='lat' dir='ltr'>illud</span> <span class='ocrx_word' id='word_1_238' title='bbox 1369 3298 1455 3358; x_wconf 91' lang='lat' dir='ltr'>quam</span> 
     </span>
     <span class='ocr_line' id='line_1_27' title="bbox 266 3375 1267 3443; baseline -0.006 -1"><span class='ocrx_word' id='word_1_239' title='bbox 266 3400 366 3443; x_wconf 91' lang='lat' dir='ltr'>verum</span> <span class='ocrx_word' id='word_1_240' title='bbox 394 3388 473 3442; x_wconf 87' lang='lat' dir='ltr'>esset</span> <span class='ocrx_word' id='word_1_241' title='bbox 493 3375 640 3441; x_wconf 84' lang='lat' dir='ltr'>videbam:</span> <span class='ocrx_word' id='word_1_242' title='bbox 1263 3377 1267 3380; x_wconf 82' lang='grc'><strong>’</strong></span> 
     </span>
    </p>

    <p class='ocr_par' dir='ltr' id='par_1_7' title="bbox 575 3473 1122 3559">
     <span class='ocr_line' id='line_1_28' title="bbox 575 3473 1122 3559; baseline 0.002 -21"><span class='ocrx_word' id='word_1_243' title='bbox 575 3478 625 3539; x_wconf 82' lang='grc' dir='ltr'>καὶ</span> <span class='ocrx_word' id='word_1_244' title='bbox 648 3479 724 3553; x_wconf 82' lang='grc' dir='ltr'><strong><em>τίνες</em></strong></span> <span class='ocrx_word' id='word_1_245' title='bbox 742 3473 826 3539; x_wconf 75' lang='lat' dir='ltr'>dilicta</span> <span class='ocrx_word' id='word_1_246' title='bbox 849 3477 987 3559; x_wconf 79' lang='grc' dir='ltr'><strong><em>στοναχαὶ</em></strong></span> <span class='ocrx_word' id='word_1_247' title='bbox 1008 3481 1122 3559; x_wconf 83' lang='grc' dir='ltr'><em>μείζους</em></span> 
     </span>
    </p>

    <p class='ocr_par' dir='ltr' id='par_1_8' title="bbox 267 3571 1458 4584">
     <span class='ocr_line' id='line_1_29' title="bbox 573 3571 1108 3661; baseline 0.002 -21"><span class='ocrx_word' id='word_1_248' title='bbox 573 3571 593 3658; x_wconf 71' lang='grc' dir='ltr'>ἢ</span> <span class='ocrx_word' id='word_1_249' title='bbox 615 3582 670 3660; x_wconf 75' lang='grc' dir='ltr'>γῆς</span> <span class='ocrx_word' id='word_1_250' title='bbox 691 3582 816 3660; x_wconf 82' lang='grc' dir='ltr'><strong><em>πατρίας</em></strong></span> <span class='ocrx_word' id='word_1_251' title='bbox 837 3576 909 3661; x_wconf 74' lang='grc' dir='ltr'>ὅρον</span> <span class='ocrx_word' id='word_1_252' title='bbox 930 3579 1108 3652; x_wconf 60' lang='grc' dir='ltr'><strong><em>ἐκλείπειν;ι</em></strong></span> 
     </span>
     <span class='ocr_line' id='line_1_30' title="bbox 267 3675 1458 3763; baseline -0.003 -15"><span class='ocrx_word' id='word_1_253' title='bbox 267 3689 337 3748; x_wconf 92' lang='lat' dir='ltr'>Post</span> <span class='ocrx_word' id='word_1_254' title='bbox 359 3687 415 3747; x_wconf 92' lang='lat' dir='ltr'>hoc</span> <span class='ocrx_word' id='word_1_255' title='bbox 437 3685 509 3746; x_wconf 88' lang='lat' dir='ltr'>nihil</span> <span class='ocrx_word' id='word_1_256' title='bbox 532 3680 641 3745; x_wconf 88' lang='lat' dir='ltr'>relerre</span> <span class='ocrx_word' id='word_1_257' title='bbox 663 3683 822 3758; x_wconf 86' lang='lat' dir='ltr'>videbatur,</span> <span class='ocrx_word' id='word_1_258' title='bbox 846 3685 876 3744; x_wconf 96' lang='lat' dir='ltr'>in</span> <span class='ocrx_word' id='word_1_259' title='bbox 898 3703 955 3763; x_wconf 91' lang='lat' dir='ltr'>quo</span> <span class='ocrx_word' id='word_1_260' title='bbox 975 3675 1147 3744; x_wconf 83' lang='lat' dir='ltr'>Germania‘e</span> <span class='ocrx_word' id='word_1_261' title='bbox 1170 3683 1275 3762; x_wconf 90' lang='lat' dir='ltr'>angulo</span> <span class='ocrx_word' id='word_1_262' title='bbox 1294 3685 1384 3744; x_wconf 83' lang='lat' dir='ltr'>vitani</span> <span class='ocrx_word' id='word_1_263' title='bbox 1404 3685 1458 3746; x_wconf 94' lang='lat' dir='ltr'>du·</span> 
     </span>
     <span class='ocr_line' id='line_1_31' title="bbox 268 3784 1457 3865; baseline -0.003 -15"><span class='ocrx_word' id='word_1_264' title='bbox 268 3808 374 3850; x_wconf 90' lang='lat' dir='ltr'>cerem.</span> <span class='ocrx_word' id='word_1_265' title='bbox 419 3787 524 3847; x_wconf 93' lang='lat' dir='ltr'>Procul</span> <span class='ocrx_word' id='word_1_266' title='bbox 547 3786 582 3846; x_wconf 92' lang='lat' dir='ltr'>ab</span> <span class='ocrx_word' id='word_1_267' title='bbox 598 3785 735 3865; x_wconf 81' lang='lat' dir='ltr'>Olympo,</span> <span class='ocrx_word' id='word_1_268' title='bbox 761 3786 863 3864; x_wconf 91' lang='lat' dir='ltr'>procul</span> <span class='ocrx_word' id='word_1_269' title='bbox 885 3786 921 3846; x_wconf 90' lang='lat' dir='ltr'>ab</span> <span class='ocrx_word' id='word_1_270' title='bbox 944 3784 1110 3862; x_wconf 90' lang='lat' dir='ltr'>ignominia.</span> <span class='ocrx_word' id='word_1_271' title='bbox 1157 3785 1215 3845; x_wconf 89' lang='lat' dir='ltr'>Sed</span> <span class='ocrx_word' id='word_1_272' title='bbox 1238 3805 1387 3846; x_wconf 90' lang='lat' dir='ltr'>nonnunc</span> <span class='ocrx_word' id='word_1_273' title='bbox 1409 3806 1457 3847; x_wconf 91' lang='lat' dir='ltr'>me</span> 
     </span>
     <span class='ocr_line' id='line_1_32' title="bbox 268 3885 1457 3968; baseline -0.003 -16"><span class='ocrx_word' id='word_1_274' title='bbox 268 3899 300 3952; x_wconf 89' lang='lat' dir='ltr'>ut</span> <span class='ocrx_word' id='word_1_275' title='bbox 326 3890 395 3952; x_wconf 94' lang='lat' dir='ltr'>olim</span> <span class='ocrx_word' id='word_1_276' title='bbox 417 3888 493 3968; x_wconf 85' lang='lat' dir='ltr'>rapit</span> <span class='ocrx_word' id='word_1_277' title='bbox 516 3885 608 3948; x_wconf 91' lang='lat' dir='ltr'>calida</span> <span class='ocrx_word' id='word_1_278' title='bbox 635 3887 783 3960; x_wconf 79' lang='lat' dir='ltr'>iuvenlaS,</span> <span class='ocrx_word' id='word_1_279' title='bbox 814 3887 950 3948; x_wconf 84' lang='lat' dir='ltr'>Beselero</span> <span class='ocrx_word' id='word_1_280' title='bbox 979 3894 1007 3946; x_wconf 88' lang='lat' dir='ltr'>et</span> <span class='ocrx_word' id='word_1_281' title='bbox 1031 3887 1220 3948; x_wconf 86' lang='lat' dir='ltr'>lleventlouio</span> <span class='ocrx_word' id='word_1_282' title='bbox 1244 3889 1326 3948; x_wconf 86' lang='lat' dir='ltr'>Coss.</span> <span class='ocrx_word' id='word_1_283' title='bbox 1371 3889 1457 3948; x_wconf 84' lang='lat' dir='ltr'>Tem-</span> 
     </span>
     <span class='ocr_line' id='line_1_33' title="bbox 267 3988 1456 4073; baseline -0.003 -20"><span class='ocrx_word' id='word_1_284' title='bbox 267 4010 340 4073; x_wconf 91' lang='lat' dir='ltr'>pore</span> <span class='ocrx_word' id='word_1_285' title='bbox 359 3997 499 4052; x_wconf 91' lang='lat' dir='ltr'>sanantur</span> <span class='ocrx_word' id='word_1_286' title='bbox 521 3989 641 4050; x_wconf 90' lang='lat' dir='ltr'>vulnera</span> <span class='ocrx_word' id='word_1_287' title='bbox 663 3996 692 4049; x_wconf 92' lang='lat' dir='ltr'>et</span> <span class='ocrx_word' id='word_1_288' title='bbox 713 3988 822 4050; x_wconf 88' lang='lat' dir='ltr'>labore.</span> <span class='ocrx_word' id='word_1_289' title='bbox 867 3989 1041 4068; x_wconf 78' lang='lat' dir='ltr'>Anglicanos</span> <span class='ocrx_word' id='word_1_290' title='bbox 1064 3995 1165 4068; x_wconf 89' lang='lat' dir='ltr'>poetas</span> <span class='ocrx_word' id='word_1_291' title='bbox 1187 3989 1320 4051; x_wconf 89' lang='lat' dir='ltr'>scenicos</span> <span class='ocrx_word' id='word_1_292' title='bbox 1344 3999 1456 4052; x_wconf 88' lang='lat' dir='ltr'>veteres</span> 
     </span>
     <span class='ocr_line' id='line_1_34' title="bbox 268 4090 1456 4174; baseline -0.003 -19"><span class='ocrx_word' id='word_1_293' title='bbox 268 4095 303 4155; x_wconf 93' lang='lat' dir='ltr'>ad</span> <span class='ocrx_word' id='word_1_294' title='bbox 326 4093 406 4170; x_wconf 89' lang='lat' dir='ltr'>leges</span> <span class='ocrx_word' id='word_1_295' title='bbox 430 4091 647 4168; x_wconf 88' lang='lat' dir='ltr'>grammaticas,</span> <span class='ocrx_word' id='word_1_296' title='bbox 675 4091 827 4166; x_wconf 89' lang='lat' dir='ltr'>metricas,</span> <span class='ocrx_word' id='word_1_297' title='bbox 858 4090 972 4152; x_wconf 91' lang='lat' dir='ltr'>criticas</span> <span class='ocrx_word' id='word_1_298' title='bbox 992 4090 1101 4150; x_wconf 89' lang='lat' dir='ltr'>rectius</span> <span class='ocrx_word' id='word_1_299' title='bbox 1120 4107 1208 4167; x_wconf 88' lang='lat' dir='ltr'>quam</span> <span class='ocrx_word' id='word_1_300' title='bbox 1232 4090 1328 4152; x_wconf 92' lang='lat' dir='ltr'>adhuc</span> <span class='ocrx_word' id='word_1_301' title='bbox 1348 4093 1456 4174; x_wconf 85' lang='lat' dir='ltr'>factum</span> 
     </span>
     <span class='ocr_line' id='line_1_35' title="bbox 269 4191 1457 4274; baseline -0.003 -19"><span class='ocrx_word' id='word_1_302' title='bbox 269 4202 331 4256; x_wconf 91' lang='lat' dir='ltr'>erat</span> <span class='ocrx_word' id='word_1_303' title='bbox 361 4192 525 4274; x_wconf 84' lang='lat' dir='ltr'>expendere</span> <span class='ocrx_word' id='word_1_304' title='bbox 550 4199 672 4252; x_wconf 88' lang='lat' dir='ltr'>conatus</span> <span class='ocrx_word' id='word_1_305' title='bbox 702 4192 815 4253; x_wconf 90' lang='lat' dir='ltr'>etiamsi</span> <span class='ocrx_word' id='word_1_306' title='bbox 843 4210 970 4273; x_wconf 71' lang='lat' dir='ltr'>operam,</span> <span class='ocrx_word' id='word_1_307' title='bbox 994 4209 1089 4252; x_wconf 92' lang='lat' dir='ltr'>meam</span> <span class='ocrx_word' id='word_1_308' title='bbox 1116 4191 1290 4270; x_wconf 90' lang='lat' dir='ltr'>quibusdam</span> <span class='ocrx_word' id='word_1_309' title='bbox 1317 4192 1457 4273; x_wconf 76' lang='lat' dir='ltr'>perbonis</span> 
     </span>
     <span class='ocr_line' id='line_1_36' title="bbox 268 4292 1457 4374; baseline -0.003 -16"><span class='ocrx_word' id='word_1_310' title='bbox 268 4297 336 4358; x_wconf 84' lang='lat' dir='ltr'>viris</span> <span class='ocrx_word' id='word_1_311' title='bbox 355 4305 387 4356; x_wconf 91' lang='lat' dir='ltr'>ut</span> <span class='ocrx_word' id='word_1_312' title='bbox 407 4293 507 4368; x_wconf 87' lang='lat' dir='ltr'>Delio,</span> <span class='ocrx_word' id='word_1_313' title='bbox 535 4292 682 4354; x_wconf 77' lang='lat' dir='ltr'>Matznero</span> <span class='ocrx_word' id='word_1_314' title='bbox 705 4293 826 4372; x_wconf 83' lang='lat' dir='ltr'>aliisque</span> <span class='ocrx_word' id='word_1_315' title='bbox 854 4295 957 4374; x_wconf 91' lang='lat' dir='ltr'>paucis</span> <span class='ocrx_word' id='word_1_316' title='bbox 978 4293 1113 4373; x_wconf 90' lang='lat' dir='ltr'>probavi,</span> <span class='ocrx_word' id='word_1_317' title='bbox 1141 4303 1237 4354; x_wconf 90' lang='lat' dir='ltr'>tamen</span> <span class='ocrx_word' id='word_1_318' title='bbox 1265 4294 1457 4372; x_wconf 92' lang='lat' dir='ltr'>plurimorum</span> 
     </span>
     <span class='ocr_line' id='line_1_37' title="bbox 269 4394 1458 4474; baseline -0.003 -14"><span class='ocrx_word' id='word_1_319' title='bbox 269 4399 439 4460; x_wconf 89' lang='lat' dir='ltr'>societatem</span> <span class='ocrx_word' id='word_1_320' title='bbox 462 4396 541 4458; x_wconf 88' lang='lat' dir='ltr'>haud</span> <span class='ocrx_word' id='word_1_321' title='bbox 560 4395 666 4456; x_wconf 90' lang='lat' dir='ltr'>invitus</span> <span class='ocrx_word' id='word_1_322' title='bbox 683 4394 799 4474; x_wconf 82' lang='lat' dir='ltr'>defugio</span> <span class='ocrx_word' id='word_1_323' title='bbox 823 4402 910 4474; x_wconf 83' lang='lat' dir='ltr'>atque</span> <span class='ocrx_word' id='word_1_324' title='bbox 931 4395 1083 4469; x_wconf 87' lang='lat' dir='ltr'>renuncia,</span> <span class='ocrx_word' id='word_1_325' title='bbox 1103 4395 1274 4474; x_wconf 86' lang='lat' dir='ltr'>praesertim</span> <span class='ocrx_word' id='word_1_326' title='bbox 1296 4413 1362 4455; x_wconf 92' lang='lat' dir='ltr'>cum</span> <span class='ocrx_word' id='word_1_327' title='bbox 1383 4395 1458 4456; x_wconf 90' lang='lat' dir='ltr'>anti-</span> 
     </span>
     <span class='ocr_line' id='line_1_38' title="bbox 270 4497 1458 4584; baseline -0.003 -23"><span class='ocrx_word' id='word_1_328' title='bbox 270 4499 387 4584; x_wconf 88' lang='lat' dir='ltr'>quitatis</span> <span class='ocrx_word' id='word_1_329' title='bbox 413 4505 601 4564; x_wconf 89' lang='lat' dir='ltr'>monumenta</span> <span class='ocrx_word' id='word_1_330' title='bbox 623 4515 670 4560; x_wconf 93' lang='lat' dir='ltr'>me</span> <span class='ocrx_word' id='word_1_331' title='bbox 697 4497 753 4560; x_wconf 91' lang='lat' dir='ltr'>sibi</span> <span class='ocrx_word' id='word_1_332' title='bbox 775 4505 872 4560; x_wconf 89' lang='lat' dir='ltr'>vetere</span> <span class='ocrx_word' id='word_1_333' title='bbox 894 4515 993 4560; x_wconf 88' lang='lat' dir='ltr'>amore</span> <span class='ocrx_word' id='word_1_334' title='bbox 1021 4497 1186 4558; x_wconf 90' lang='lat' dir='ltr'>devinctum</span> <span class='ocrx_word' id='word_1_335' title='bbox 1215 4503 1244 4557; x_wconf 88' lang='lat' dir='ltr'>et</span> <span class='ocrx_word' id='word_1_336' title='bbox 1266 4497 1458 4559; x_wconf 89' lang='lat' dir='ltr'>constrictum</span> 
     </span>
    </p>
   </div>
   <div class='ocr_carea' id='block_1_7' title="bbox 0 0 1671 5190">
    <p class='ocr_par' dir='ltr' id='par_1_9' title="bbox 0 0 1671 5190">
     <span class='ocr_line' id='line_1_39' title="bbox 0 0 1671 5190; baseline 0 0"><span class='ocrx_word' id='word_1_337' title='bbox 0 0 1671 5190; x_wconf 95' lang='lat' dir='ltr'> </span> 
     </span>
    </p>
   </div>
  </div>
 </body>
</html>
