3322 5190
587 335 761 377 netsronau
785 335 942 402 omninum
1284 329 1360 378 XVII

170 479 173 490 ”
259 483 338 544 linae
355 482 538 544 Schohornm
555 481 761 560 Didymeorum
780 482 970 544 recensiones
992 491 1118 558 exstant,
1139 501 1260 560 quarum
1279 485 1360 563 prior

172 585 201 644 in
231 583 292 644 solo
318 583 368 644 illo
391 583 497 661 inclyto
519 583 735 645 Vratislaviensi
763 583 838 645 libro
860 583 1006 644 invenitur
1028 585 1076 661 qni
1100 585 1218 646 troicum
1246 593 1291 645 est
1314 603 1361 646 se-

172 685 258 744 cundi
286 685 402 762 generis
430 683 640 746 documentum
666 684 800 746 mutilum
829 693 858 744 et
886 684 969 758 valde
991 695 1176 764 corruptum,
1210 685 1300 750 altera
1328 687 1358 746 in

170 785 312 864 plurimis,
336 785 424 846 modo
445 785 594 863 integrior,
617 785 703 846 modo
722 785 906 858 succinctior,
930 786 1017 847 modo
1038 786 1124 846 etiam
1145 787 1358 848 recentioribus

168 886 382 966 supplementis
400 893 494 946 ancta.
526 886 567 946 Ad
587 885 712 964 primum
733 905 826 964 genus
845 886 907 947 sola
926 885 1037 970 scholia
1047 887 1183 948 Vaticana
1201 889 1358 968 pertinent,

170 987 350 1065 aCallierge
377 987 416 1048 ita
439 987 530 1059 edita,
560 995 591 1046 nt
613 1005 679 1046 cnm
702 987 916 1048 recentioribus
946 987 1120 1065 quibusdam
1145 988 1359 1066 permiscerem

171 1097 228 1154 tur.
273 1088 351 1150 Haeo
373 1088 510 1149 Vaticana
531 1087 560 1148 io
581 1087 680 1148 multis
705 1087 779 1148 locis
805 1088 964 1166 integriora
988 1095 1056 1149 sunt
1075 1105 1162 1166 qnam
1181 1107 1255 1166 aynae
1280 1089 1357 1148 tertii

171 1189 301 1267 quantive
334 1189 450 1266 generis
479 1187 629 1250 codicibus
659 1187 772 1266 adjecta
802 1196 879 1248 snnt.
932 1189 1027 1250 Nihilo
1055 1189 1151 1250 minus
1180 1189 1267 1250 iidem
1297 1209 1356 1248 non

170 1307 272 1368 panea,
295 1309 369 1368 quae
390 1309 460 1350 casn
482 1308 517 1350 en
531 1287 628 1373 Vatll
652 1288 834 1360 exciderunt,
859 1297 938 1350 recte
961 1289 1107 1370 supplent.
1153 1289 1218 1360 Quo
1240 1291 1359 1350 nomine

170 1391 264 1452 codex
295 1391 391 1470 quarti
424 1391 540 1468 generis
570 1389 841 1468 praestantissimus
868 1389 945 1450 Meo.
970 1390 993 1449 B
1025 1391 1117 1452 multo
1145 1409 1232 1468 qnam
1263 1391 1359 1452 adhuc

170 1493 279 1576 lactum
309 1501 354 1552 est
385 1491 548 1553 accuratius
580 1490 748 1554 instrenuus
777 1500 831 1552 est.
881 1491 1083 1552 Additamento
1116 1493 1210 1569 quarti
1243 1492 1359 1568 generis

171 1593 335 1652 recentiora
356 1591 492 1671 bipartita
514 1600 598 1652 sunt:
627 1591 658 1671 1)
683 1591 882 1670 Gottingensia
904 1611 979 1670 qnae
1000 1593 1106 1672 partim
1127 1592 1276 1654 Bbckhins
1298 1592 1359 1652 edi-

171 1693 229 1765 dit,
258 1693 364 1771 partim
392 1691 549 1770 Callierges
575 1691 627 1768 (ex
653 1692 759 1754 Vati}
787 1693 874 1754 credo
904 1693 972 1754 olim
1001 1693 1185 1773 blnsnriano)
1212 1693 1359 1753 Vaticanis

109 1803 111 1807 ·
171 1793 349 1868 intexuerat,
383 1811 516 1871 qnaeqne
541 1793 571 1852 in
596 1793 696 1856 multis
725 1793 788 1854 aliis
814 1793 965 1856 codicibus
991 1801 1113 1856 exstant.
1159 1792 1193 1873 2)
1223 1792 1358 1884 Germani

172 1894 305 1970 Scholia,
327 1911 402 1972 quae
423 1913 519 1973 nuper
538 1879 578 1954 in*
591 1894 808 1956 vindobonensi
829 1897 930 1958 codice
951 1895 1064 1968 inveni,
1087 1912 1270 1973 quornmqne
1292 1914 1359 1974 par-

170 2003 229 2054 tem
256 1995 383 2074 priorem
408 2013 488 2056 nunc
517 1981 581 2056 edo.
625 1995 706 2056 ldem
734 1995 808 2056 liber
835 1997 934 2074 (Caes.
955 1996 992 2076 Α)
1019 1993 1220 2072 Gottingensia
1249 1995 1359 2056 addita·
1423 2016 1426 2021 ’

170 2105 267 2156 menta
294 2096 396 2169 habet,
429 2096 468 2156 ita
498 2104 529 2156 ut
551 2096 679 2164 omnium
707 2114 781 2174 qnos
803 2097 870 2158 novi
893 2097 1027 2159 codicum
1055 2095 1211 2156 uberrimis
1234 2096 1358 2157 Scholiis

171 2197 316 2258 veteribus
339 2205 455 2276 poetam
475 2205 584 2269 oneret,
608 2197 751 2276 siqnidem
770 2205 866 2258 vetera
887 2216 919 2258 ea
941 2197 1088 2277 appellare
1110 2197 1179 2258 licet
1196 2215 1270 2275 quae
1291 2205 1358 2258 ante

169 2297 423 2378 interpolationem
445 2297 650 2377 Byzantiorum
665 2299 779 2378 'scripta
802 2309 880 2361 sunt.
911 2334 954 2342 —
982 2298 1072 2360 Tertii
1095 2298 1213 2376 generis
1242 2298 1358 2358 Scholia

170 2417 185 2458 a
209 2405 313 2477 quarto
339 2405 398 2461 noh
421 2399 545 2460 mnltnm
566 2400 720 2472 differunt,
743 2406 812 2460 sunt
833 2408 931 2461 autem
954 2399 1097 2460 breviora.
1120 2433 1162 2443 -
1184 2397 1216 2458 ld
1239 2399 1357 2478 potissi·

169 2515 249 2558 mnm
269 2501 366 2560 tntnro
388 2500 491 2560 editori
509 2500 693 2562 Scholiornm
710 2501 901 2580 spectandum
923 2501 986 2576 erit,
1009 2506 1050 2572 nt,
1072 2517 1148 2577 qnae
1164 2499 1261 2579 primi,
1283 2518 1358 2578 qnae

169 2601 307 2675 secundi,
340 2619 415 2679 qnae
437 2601 514 2662 tertii
537 2601 690 2679 quartique
712 2603 828 2680 generis
853 2601 924 2676 sint,
955 2619 1031 2680 quae
1048 2600 1176 2678 deniqne
1194 2601 1357 2662 recentiora

169 2701 225 2762 hoe
248 2719 340 2779 genus
362 2702 504 2778 librqrnm
527 2701 729 2782 supplementa
754 2722 820 2764 esse
841 2703 1008 2775 videantur,
1029 2695 1109 2764 recte
1128 2699 1284 2781 dispescat.

252 2802 294 2862 Ad
306 2803 474 2866 Thomonos
489 2803 736 2883 libros‘Exoerpta
751 2821 768 2864 e
781 2803 891 2864 Scholl.
903 2803 977 2864 Vett.
994 2803 1156 2882 pertinent,
1180 2819 1255 2880 qnae
1271 2802 1358 2864 etiam

168 2903 237 2964 hinc
258 2904 326 2964 inde
346 2904 470 2967 seorsim
493 2911 630 2982 tanquam
648 2894 785 2984 Ἱστορίαι
807 2904 1008 2980 exarabantur,
1027 2911 1059 2965 nt
1076 2903 1106 2964 in
1125 2902 1236 2990 VatM.
1283 2904 1358 2964 Sunt
1464 2981 1467 2988 Ι

168 3013 266 3066 tamen
289 3014 318 3066 et
339 3005 432 3086 ipsius
452 3005 582 3066 Thomae
608 3015 773 3084 commenta
795 3025 856 3066 non
876 3024 984 3086 panca,
1015 3023 1139 3083 quornm
1168 3003 1263 3081 aliqua
1288 3023 1357 3083 pars

168 3106 264 3168 adhue
282 3125 370 3168 manu
393 3107 500 3187 scripta
521 3107 551 3168 in
572 3106 757 3168 bibliothecis
779 3107 858 3168 latet.
905 3106 1071 3187 Speeimina
1093 3105 1237 3185 quaedam
1253 3105 1357 3166 Caesa·

168 3207 227 3267 reis
249 3226 284 3268 ex
305 3210 378 3286 Aug.
396 3208 419 3268 B
442 3209 616 3288 deprompta
634 3208 755 3270 inserui.
768 3205 790 3288 1)

189 3377 190 3381 =
254 3343 529 3423 Moschopuleornm
554 3342 695 3404 librorum
718 3350 877 3422 perpetuus
900 3343 1099 3422 Olympiorum
1124 3340 1357 3402 Commentarius

167 3444 212 3506 vel
234 3443 331 3524 potins
352 3443 540 3524 paraphrasis
562 3451 622 3517 est,
646 3461 721 3520 qnae
741 3451 844 3522 postea
864 3464 879 3504 a
898 3442 1137 3524 compilatoribus
1160 3443 1306 3523 discerpta
1329 3448 1358 3500 et

168 3539 329 3618 Συντάξεις
350 3543 495 3625 appellata
517 3554 571 3604 est.
614 3545 650 3604 itt
671 3551 769 3605 utrum
794 3544 1080 3625 ipseMoschopulns
1101 3543 1299 3622 composuerit
1320 3561 1357 3602 an
1395 3559 1399 3565 ·

168 3646 204 3708 ab
225 3649 376 3706 Euctotba'o
403 3645 541 3707 sumserit
569 3645 726 3724 quaeritur.
775 3645 849 3707 Nam
875 3645 963 3726 (quod
992 3665 1094 3708 omnes
1123 3645 1218 3706 adhoc
1246 3643 1357 3721 lngisse

167 3747 266 3827 miror)
289 3753 357 3810 sunt
375 3747 518 3824 quaedam
539 3747 696 3808 vetustiora
708 3747 935 3827 Moschopnleae
955 3747 1137 3808 recensionis
1160 3744 1301 3823 exempla,
1326 3751 1358 3803 nt

168 3849 252 3910 Caes.
267 3848 308 3922 B,
331 3867 406 3926 qnae
428 3847 572 3908 Eustathii
597 3867 704 3910 nomen
724 3849 792 3910 huic
818 3847 1027 3909 commentario
1050 3847 1250 3926 Olympiorum
1273 3862 1356 3922 prae-

167 3951 255 4010 srxnm
287 3949 450 4010 exhibeant.
494 3949 615 4027 Legitur
639 3949 717 4009 enirn
745 3949 775 4008 in
798 3946 923 4010 Caesss
949 3946 1037 4026 (num.
1058 3944 1214 4023 CXCVlll.)
1240 3944 1288 4006 iol.
1306 3943 1355 4006 39.

168 4049 329 4128 Πίνδαρος.
363 4039 537 4110 Εὗσταθίου
558 4041 785 4128 ὑπομνημάτων
808 4047 849 4120 εἰς
865 4037 1013 4125 Ὀλύμπια
1039 4039 1201 4126 Πινδάρου.
1246 4033 1356 4107 Eadem

167 4160 264 4212 tamen
286 4152 317 4212 in
339 4151 489 4214 codicibus
510 4151 626 4230 generis
648 4151 742 4213 oetan
763 4148 954 4228 Moschopnlo
977 4147 1153 4210 tribuuntur.
1259 4193 1263 4198 .

251 4253 408 4315 Triclinins
436 4253 561 4334 plurima
589 4251 738 4312 Thomana
764 4249 928 4330 recepisse,
965 4249 1019 4311 alia
1046 4248 1180 4312 consulto
1211 4247 1355 4322 omisisse,

235 4455 254 4520 ¹)
273 4456 350 4506 Fieri
360 4461 451 4522 potest
462 4463 491 4507 nt
503 4470 573 4522 qnae
585 4415 729 4506 Thomana
741 4453 911 4520 appellamus
923 4453 1043 4504 Tzetzae
1057 4450 1168 4502 fuerint.
1186 4449 1256 4502 Vide
1270 4449 1355 4502 infra.

219 4555 316 4591 senon.
336 4553 412 4591 cars.
681 4587 686 4599 ,
1135 4539 1153 4594 h
