3322 5190
527 381 661 423 SOHOLIA
684 381 845 423 CAESAREA
867 381 908 422 AD
931 381 980 422 OL.
995 382 1064 422 v111.

228 481 256 516 od.
271 480 339 516 noekh.

215 531 257 569 m
312 523 343 559 Μ’
435 559 516 646 ό,τι]
544 559 699 646 δηλονότι
721 558 759 626 τό
786 557 966 646 φιλόξενον
991 554 1087 626 εἶναι.
1118 564 1156 644 gl.
1182 582 1275 643 marg.
1316 531 1326 558 v
1360 548 1364 556 ¹

391 675 464 754 Aug.
481 674 515 735 B.

213 793 282 846 193¹
310 795 343 844 27
433 776 591 867 ἀςπερεί]
619 803 669 856 τις
697 782 810 865 [κίονα
830 768 963 866 ὀλβίαν]
993 778 1153 846 ῦπόθειτο
1183 786 1274 867 οίκῳ.
1324 793 1357 846 33

390 895 470 956 Leid.
488 894 521 955 B.
543 893 703 974 (Moschop.
715 912 738 955 s.
751 893 844 976 Eust.)

212 1013 258 1064 191
310 1014 342 1066 35
432 1000 670 1084 βασιλεύοντος
686 1003 733 1080 (id.
750 1004 812 1064 Vat.
824 1005 858 1085 Β)
873 999 988 1084 μένειν
1006 999 1100 1085 [μετά
1115 998 1175 1066 τόν
1191 1003 1276 1066 Αἰα-

389 1108 477 1195 κόν,]
495 1117 625 1195 Δωριεί
637 1113 708 1196 λαῷ
720 1111 1009 1195 ταμιευομένηΕνἙ.
1043 1108 1081 1175 τό
1097 1110 1134 1175 όὲ
1152 1108 1196 1195 μη
1214 1111 1276 1175 κά-

388 1243 463 1304 μοι,
482 1223 580 1285 τοῦτο
595 1221 633 1284 δὲ
648 1217 847 1296 ἀλλοπαθές.
880 1221 1024 1306 ἐπέθηκε
1040 1219 1105 1306 γὰρ
1122 1217 1160 1286 τό
1175 1223 1276 1307 ἔργον

390 1331 530 1396 ἐκείνων
551 1333 619 1396 τάν
638 1328 771 1415 χρόνων
781 1330 815 1414 ¹).
851 1325 895 1406 ἀς
915 1331 1056 1414 λέγομεν
1080 1328 1144 1414 νάρ
1164 1331 1223 1396 ἐπί
1240 1353 1275 1395 τε

387 1421 451 1505 τοῦ
463 1435 559 1526 ἀέρος
573 1438 630 1504 καί
645 1442 735 1524 [τῆς]
755 1439 944 1524 θαλάσσης,
963 1435 1065 1524 ἡνίκα
1081 1441 1123 1516 ἐνι
1133 1444 1275 1527 νηνεμίη

387 1539 465 1633 ἀσι,
484 1553 604 1636 γελᾷν,
624 1549 662 1614 τό
679 1550 924 1633 ἐπισυμβαῖνον
938 1560 1008 1626 τοῖς
1021 1553 1192 1634 θεωροῦσι
1209 1550 1275 1614 ποί-
1331 1609 1336 1618 ,

386 1667 450 1736 θος
471 1661 611 1736 ἐκείνοις
635 1660 907 1743 ἐκεντιθέντες.2)
942 1657 1138 1725 ἀκόλουθον
1159 1659 1197 1725 δὲ
1217 1658 1274 1724 καλ

387 1768 441 1853 τό,
460 1766 598 1854 ἀμειόης
612 1766 630 1835 ό
646 1767 737 1856 ᾅδης.
750 1769 773 1854 ³)

215 1919 248 1930 -
282 1888 360 1954 26l³5
386 1888 420 1945 11.
440 1884 510 1964 (R).
547 1888 584 1944 9ο
606 1888 751 1946 Thomanis
773 1887 883 1944 ineditis
908 1887 944 1946 cf.
968 1907 995 1963 p.
1011 1894 1053 1952 40,
1075 1897 1135 1945 not.
1146 1881 1179 1965 ¹).
1213 1895 1272 1951 195,

386 1973 548 2035 39-9911.
565 1969 624 2048 (11..)
1027 1977 1029 1980 ’

209 2086 255 2136 195
315 2085 331 2136 9
403 2078 567 2158 ,Λαῦρον
592 2073 782 2158 ἀμπνεῦσαι
808 2073 956 2160 καπνόν,
985 2073 1062 2140 ἀντὶ
1080 2077 1141 2140 τοῦ
1166 2075 1274 2158 ἐμπυ-

387 2188 557 2271 ρισθῆναι.

215 2333 246 2340 -
309 2304 339 2356 19
430 2287 477 2372 εἷς
497 2296 535 2362 δὲ
558 2296 751 2380 είσιόρουσε.

213 2443 246 2452 -
309 2415 339 2466 18
430 2405 563 2490 [κόνει]
579 2401 599 2490 ἡ
614 2402 767 2489 ἀναπνοὴ
783 2405 877 2490 διττή
892 2406 971 2471 ἐστι.
995 2405 1124 2489 λέγεται
1138 2402 1274 2490 γὰρκαὶ

387 2513 518 2600 εέςπνοή
543 2513 599 2580 καὶ
623 2513 760 2601 ἐκπνοή.
799 2513 950 2599 γλαυκὸν
970 2516 1010 2580 δέ
1027 2515 1096 2580 ἐστι
1117 2512 1154 2579 τό
1171 2515 1274 2599 μέσον

387 2629 511 2690 λευκοῦ
531 2623 588 2690 καὶ
607 2625 766 2708 μέλανος,
789 2627 866 2709 ἔχον
887 2622 951 2712 γάρ
974 2623 1030 2689 καὶ
1047 2622 1085 2689 τό
1104 2624 1237 2690 λευκόν.
1251 2627 1272 2708 ⁴)

387 2738 486 2819 ἔλαβε
506 2735 544 2799 δὲ
567 2731 655 2811 εἶθος
674 2733 750 2800 ἀντὶ
771 2735 900 2818 μένους.
940 2731 1064 2819 ὤφειλε
1084 2733 1148 2819 γὰρ
1168 2737 1274 2800 εἰπεῖν

387 2844 489 2929 ὄφιες.
525 2847 624 2909 τοῦτο
640 2844 680 2909 όέ
693 2844 762 2908 ἐστι
778 2841 816 2910 τό
832 2842 1152 2928 πλεονεκτοῦμενον.

213 3000 247 3009 -
275 2920 278 3045 Ι
309 2972 339 3024 19
429 2952 559 3040 εὐθὺς]
574 2951 594 3040 ἡ
608 2954 763 3032 σύνταξις
777 2952 917 3041 δ’,έστιν
932 2952 1025 3039 αῦτη.
1048 2953 1120 3020 ἐπεί
1135 2954 1273 3038 ἐκτίσθη

275 3048 277 3141 ί
386 3065 465 3131 νέον
489 3065 552 3130 ,καί
581 3063 702 3130 νεωστὶ
729 3061 768 3130 τό
795 3077 918 3149 τεῖχος,
949 3068 1053 3150 τριῶν
1077 3063 1274 3151 δρακόντων

385 3178 546 3258 γλαυκῶν
566 3174 623 3240 καὶ
642 3178 775 3240 λευκοῦν
797 3175 1027 3258 έςαλλομένων
1047 3177 1093 3252 είς
1113 3172 1174 3239 τόν
1195 3175 1274 3240 νέον

386 3285 527 3371 πύρνον,
541 3286 576 3350 ολ
585 3285 647 3351 δύο
659 3287 721 3370 μὲν
733 3284 904 3350 κάιιτετον
916 3285 972 3349 καὶ
983 3286 1177 3367 κατέπεσον,
1191 3274 1274 3350 αὖθι

386 3395 423 3460 δὲ
443 3392 632 3477 ἀτυζομένω
654 3394 710 3460 καλ
728 3393 922 3478 ἀτυζόμενοι
936 3393 1044 3478 βάλον
1060 3394 1116 3460 καὶ
1133 3396 1274 3479 κατέβα-

385 3508 447 3570 λον
461 3495 518 3570 καὶ
533 3502 724 3590 ἀπέρριψαν
738 3507 797 3580 τάς
815 3503 940 3587 ψυχὰς,
964 3501 1072 3587 ἤγουν
1086 3501 1272 3570 ἀπέθανον.

208 3629 255 3680 199
317 3630 328 3679 1
429 3617 488 3700 εἰς]
506 3611 584 3691 τοῦς
601 3611 716 3699 [ἐγγὺς

216 3766 243 3774 -
281 3736 359 3806 29125
386 3743 414 3790 et
428 3741 486 3797 197,
501 3740 595 3794 9-18
609 3741 754 3808 utrumque
769 3733 802 3790 M.
820 3729 879 3810 (9.).
916 3733 1100 3791 ΙαοόοΤλιοιο.
1118 3733 1178 3790 vide
1193 3733 1272 3790 infra.

208 3849 254 3899 191
314 3849 330 3898 7
429 3839 549 3920 είπας,]
565 3833 641 3900 ἀντὶ
655 3839 716 3900 τοῦ
732 3835 846 3900 είπιόν.
883 3837 1003 3919 [ταῦτα

213 3987 246 3995 —
306 3960 340 4010 24
428 3948 525 4032 θεῷ]
541 3940 684 4028 ἦΛυκία
699 3942 804 4028 ὄνομα
826 3948 887 4008 τοῦ
901 3943 1008 4009 τόπου
1024 3943 1082 4010 καὶ
1102 3945 1140 4011 ἐκ
1158 3948 1189 4031 (1)
1212 3948 1274 4010 τοῦ
1320 3957 1354 4009 99

388 4057 540 4139 ποταμοῦ
556 4057 618 4120 τοῦ
634 4054 742 4119 ἐκεῖσε
761 4053 906 4138 ῥέοντος.

257 4193 278 4260 ¹)
296 4195 351 4246 Aut
363 4187 441 4263 αῦτῷ
453 4194 490 4261 τῷ
503 4186 594 4261 χρόνῳ
612 4193 779 4257 addendum,
798 4197 847 4244 aut
865 4185 966 4262 ἐκείνῳ
983 4192 1021 4262 τῷ
1034 4185 1124 4263 χρόνῳ
1137 4195 1310 4246 scribendum
1328 4199 1377 4246 est.

255 4279 276 4344 ²)
296 4279 362 4331 θοὰ.
383 4272 610 4337 ἐκεντιθέαντες.
1033 4281 1036 4286 “

259 4361 281 4427 ³)
300 4363 498 4416 Proverbium?
516 4377 552 4412 an
569 4363 667 4429 fragm.
686 4365 805 4428 poetae?

254 4445 276 4513 ⁴)
295 4448 418 4515 Optime,
444 4463 508 4498 nam
526 4447 641 4514 glaucus
660 4447 735 4498 color
754 4448 858 4500 frondis
878 4449 982 4513 olivae,
1007 4449 1090 4500 lunae
1110 4448 1145 4500 al.
1169 4453 1212 4500 est
1229 4454 1378 4517 argenteus

188 4531 381 4600 (silbergrau),
400 4549 455 4584 non
473 4533 583 4583 caesius
601 4531 769 4600 (blaugrau).
788 4560 823 4571 -
841 4533 937 4585 Scribe
957 4529 1015 4601 ἔχει
1033 4532 1087 4600 γὰρ
1106 4539 1153 4584 aut
1172 4528 1237 4602 ἔχον
1254 4523 1320 4602 ἀρα.
