3322 5190
299 307 339 366 60
622 323 756 366 εοεοιιε
780 324 940 365 οιεεεεει
962 325 1004 365 ιο
1028 325 1077 365 οι.
1096 325 1164 365 xm.

331 422 359 457 od.
373 421 442 457 nrekh.

317 473 366 567 δ’δὲ
417 463 448 568 Πύ
540 501 599 579 τὰς
614 505 784 586 σχοίνικας
804 507 845 566 sic
861 506 944 570 Caes.
959 508 992 567 Α.
1017 559 1024 566 .

324 655 357 662 -
419 627 448 676 11
541 615 609 676 τῶν
626 614 687 696 [είς
700 609 740 677 τὰ
756 611 859 696 μέτρα
875 615 937 676 Vat.
954 615 986 677 B.
1008 616 1089 678 Caes.
1106 618 1140 705 Α.Ι
1169 682 1173 688 ,

324 763 355 772 -
417 735 449 786 27
537 719 711 786 Ἀδίαντον
726 724 787 786 Vat.
804 724 836 784 B.
858 725 939 786 Caes.
958 725 990 785 Α.

499 941 538 1005 ἐν
558 951 630 1015 ταῖς
656 936 784 1014 οὐλίαις
812 941 943 1022 αἰχμαῖς
963 941 1031 1003 τῶν
1051 939 1138 1002 νέων
1162 935 1315 1024 ἄνδρῶν;
1345 941 1384 1005 ἐν

498 1045 579 1133 ὑμῖν
592 1050 697 1132 δῆλον
714 1051 741 1130 (i.
758 1072 782 1113 e.
799 1046 977 1131 δηλονότι).
989 1049 1009 1130 ¹)
1042 1049 1124 1133 [ττού
1137 1047 1175 1112 δὲ
1308 1029 1312 1038 ’

315 1171 364 1222 273
425 1170 441 1222 3
535 1148 607 1222 ‘Aa’
625 1160 685 1241 (sie)
701 1153 786 1241 ὐττδρ
801 1154 970 1240 Ἑλλήνων
986 1179 1022 1220 τε
1042 1157 1098 1220 καὶ
1116 1147 1383 1241 ἐμχεμῶχωνιτοῖ
1460 1193 1465 1212 ·
1544 1133 1554 1147 “

498 1269 622 1350 λιητῶν
709 1262 884 1349 εὐχόμενοι
907 1269 967 1350 (sic)
1060 1263 1104 1330 δι’
1122 1263 1304 1351 Ἀφροδίτα
1325 1267 1380 1351 (δί’

494 1374 673 1459 Ἀφροδίτη
688 1379 751 1440 Vat.
767 1378 800 1458 Β)
1332 1397 1334 1402 ’

497 1597 641 1678 νέμεσις·
666 1594 796 1677 νέμεσις
818 1589 836 1658 ὁ
855 1591 1014 1677 μερισμὸς
1027 1591 1220 1678 ἀφθόνητος
1235 1591 1278 1680 μὴ
1293 1595 1383 1680 φθό-

496 1726 559 1767 νον
573 1700 629 1766 καὶ
643 1699 806 1787 μερισμὸν
820 1702 876 1768 καὶ
891 1701 1053 1785 διχασμδν
1069 1703 1217 1786 ἐμποιῶν
1230 1715 1302 1781 ταῖς
1316 1705 1384 1790 φή·
1499 1739 1508 1756 ·

495 1835 573 1895 μαις
586 1809 707 1876 αὐτῶν,
720 1813 741 1894 ²)

539 1917 613 1986 δδὲ
634 1923 728 1996 νοῦς·
763 1919 818 1984 καί
839 1916 856 1984 ὁ
877 1921 989 2003 νέμων
1008 1920 1064 1985 καί
1085 1917 1102 1984 ὁ
1124 1923 1262 1986 διοικῶν
1283 1921 1382 1988 τόνδε
1430 1938 1464 1990 38

496 2031 553 2096 καὶ
578 2033 699 2094 τοῦτον
721 2027 781 2094 τὸν
806 2027 889 2093 λαδν
914 2027 974 2093 τὸν
999 2027 1132 2114 ἀβλαβῆ
1139 2079 1148 2110 ,
1178 2027 1304 2098 εὔθυνε
1323 2031 1383 2097 τὸν
1452 2109 1453 2112 ¹

497 2129 601 2222 οὐρον
622 2137 677 2204 καλ
693 2137 755 2222 τὴν
777 2135 935 2222 εὐτυχίαν
957 2137 1014 2203 καὶ
1034 2135 1096 2222 τήν
1116 2137 1336 2224 εὐδαιμονίαν
1359 2137 1382 2225 ἢ

496 2247 558 2330 τὴν
579 2245 770 2331 εὐδντοίτην
790 2250 925 2333 κίνησιν
950 2250 1011 2312 τοῦ
1030 2249 1266 2332 Ξενοφῶντος,
1290 2251 1382 2332 [δαί-

496 2361 614 2441 μονος]
635 2354 694 2420 τδν
711 2353 904 2440 ὑττιίρχοντα
927 2354 993 2422 ὐττδ
1006 2361 1067 2421 τοῦ
1081 2359 1240 2440 δαίμονος
1254 2358 1310 2424 καί
1325 2364 1383 2443 τῆς

497 2469 612 2550 τυχῆς,
638 2463 747 2550 ἤγουν
772 2463 838 2532 ὐττδ
864 2470 932 2530 τῶν
957 2470 1134 2550 [Μοιρ]ῶν
1157 2471 1198 2551 (λ).
1231 2463 1254 2550 τ]
1278 2466 1380 2532 οὕτω·

497 2576 553 2641 καὶ
568 2576 679 2668 νέμων
691 2574 747 2640 καὶ
761 2575 942 2658 φυλάττων
957 2574 1055 2640 τόνδε
1068 2573 1129 2640 τδν
1141 2573 1224 2640 λαδν
1238 2574 1382 2661 ἀβλαβῆ,
1412 2660 1415 2666 ¹

498 2683 625 2750 εὔθυνε
647 2681 708 2768 τήν
731 2681 889 2767 εὐτυχίαν
911 2687 971 2748 τοῦ
993 2685 1212 2768 Ξενοφῶντος
1235 2683 1298 2768 τὴν
1317 2684 1383 2751 ὐττδ

496 2799 556 2860 τοῦ
579 2795 740 2877 δαίμονος
767 2783 909 2878 ο[ὐσ]αν
930 2783 1034 2880 οὐρον
1055 2791 1222 2880 (οὐρίανλ)
1250 2795 1306 2860 καί
1328 2793 1382 2860 εὐ
1470 2856 1473 2862 .

497 2903 641 2988 διαινήν.

313 3027 363 3074 274
396 3025 467 3088 r5s20
495 3023 528 3076 Μ.
547 3016 605 3096 (R),
630 3026 741 3080 24—32
755 3021 787 3074 Μ.
809 3017 866 3096 (R),
890 3027 950 3086 ατε,
967 3022 1193 3086 29-276‚3Th.

322 3163 352 3171 —
423 3137 439 3185 4
538 3119 720 3206 εὐτύχησεν
738 3118 837 3206 ἀνὴρ]
862 3119 1032 3206 πρότερος.
1067 3125 1194 3202 (δεθελ
1217 3123 1382 3210 πρότερον
1430 3144 1462 3194 43

494 3231 637 3316 τούτου.)
671 3235 734 3296 Vat.
751 3235 784 3296 B.

320 3381 354 3390 —
423 3354 439 3404 8
538 3345 695 3426 σελίνων]
710 3340 875 3426 γράφεται
888 3340 1071 3424 [στέφανοι.
1096 3341 1133 3406 ἐκ
1146 3346 1290 3408 σελίνων
1301 3342 1380 3430 γὰρ]
1429 3363 1463 3413 45

496 3449 702 3535 δστέφανος.
734 3455 783 3514 Sic
800 3456 862 3514 νει.
878 3454 912 3514 Β.
1208 3524 1211 3530 1

539 3563 696 3644 σελίνων]
725 3563 790 3624 νῦν
817 3560 994 3643 στέφανον.
1038 3561 1076 3625 ἐκ
1101 3564 1245 3626 σελίνων
1265 3558 1329 3648 γὰρ
1351 3565 1387 3628 οί

496 3671 665 3753 στέφανοι.
697 3673 777 3734 Caes.
794 3673 826 3732 A.

321 3819 355 3828 -
418 3791 446 3842 11
539 3774 601 3843 οὐκ
618 3773 780 3862 ἀντιξοεῖ]
799 3773 862 3840 οὐκ
878 3774 1072 3842 ὐντιαείται.
1105 3784 1167 3844 Vat.
1184 3784 1207 3844 B
1226 3782 1272 3864 (οί
1284 3787 1378 3869 Rom.)
1429 3800 1461 3848 47

496 3893 624 3954 CaessA.
643 3887 854 3952 ἐναντιοῦται
870 3883 933 3952 οὐκ
1069 3891 1070 3896 ’

321 4037 355 4047 -
394 4010 423 4062 13
434 4029 473 4078 sq.
538 3995 578 4062 τολ
594 3995 659 4083 γὰρ
672 3996 959 4088 συναρμοζόμενα]
974 3995 1036 4064 οὐκ
1048 3999 1217 4078 λσοξοούσι
1236 3998 1292 4066 καὶ
1313 4002 1379 4080 ἐξι-

365 4201 385 4266 1)
403 4203 454 4253 Ille
473 4203 609 4268 interpres
626 4208 656 4254 ut
675 4203 745 4254 alius
762 4205 897 4256 vetustior
915 4203 984 4272 (τιού
997 4202 1029 4259 δὲ
1048 4205 1120 4270 κτλ.)
1140 4209 1329 4274 quaestionem
1346 4226 1431 4276 usque
1451 4213 1487 4262 ad

297 4287 379 4338 finem
398 4287 479 4352 epodi
497 4289 647 4349 continuat,
667 4304 722 4339 non
732 4288 813 4339 male.
848 4290 928 4340 Libri
937 4291 1014 4342 MSS.
1034 4293 1159 4344 omnibus
1178 4299 1307 4360 quantum
1326 4295 1383 4346 scio
1401 4297 1486 4346 inter-

296 4372 447 4438 rogationis
465 4373 552 4438 signis
571 4376 677 4422 carent.

365 4455 386 4520 ²)
404 4456 484 4509 Haec
503 4461 551 4509 aut
569 4456 740 4510 subabsurda
759 4461 807 4508 aut
825 4458 921 4510 mutila
940 4465 1011 4514 sunt.
