3322 5190
303 325 393 373 XVIII
720 330 893 374 tlt‘tsrotett
918 330 1071 373 ohtricus.

305 479 359 539 alia
381 486 511 540 mutasse
533 478 653 568 suisque
672 478 787 539 auxisse
808 478 930 539 videtur.
944 475 966 557 2)
1004 477 1083 538 Haec
1105 479 1135 538 in
1152 476 1293 558 Olympiis
1313 479 1374 538 lere
1396 478 1492 538 omnia
1574 471 1577 477 ’

304 588 373 640 nota
395 587 479 653 sunt,
507 579 537 638 in
557 579 666 658 Pythiis
690 599 723 640 ea
746 587 859 640 tantum
882 597 957 656 quae
979 578 1177 640 Schneiderus
1207 597 1241 638 ex
1264 579 1381 639 Vnstl}
1405 579 1493 639 edidit

305 681 340 742 ad
358 681 439 759 Pyth.
455 681 563 756 1-1v;
587 681 738 742 dimidium
762 681 878 740 circiter
900 679 995 740 adhuc
1016 679 1046 740 in
1066 679 1116 740 bib
1128 681 1252 742 iotheeis
1272 679 1374 740 latitat..
1414 679 1493 749 Quo-

302 801 369 844 rum
397 781 557 862 specimina
584 781 725 858 quaedam
755 781 910 860 aliquando
937 799 970 840 ex
1000 781 1101 842 codice
1129 780 1268 842 abbatiae
1296 781 1491 855 Florentium,

305 903 384 944 nunc
406 883 545 956 Mcdieeo,
569 881 792 963 exscripsimus
816 901 850 944 ea
871 882 995 942 maxime
1018 890 1153 942 curantes
1176 900 1251 960 quae
1272 883 1307 944 ad
1330 899 1391 942 rem
1415 881 1494 942 criti·

306 1003 370 1046 cam
396 991 571 1064 spectarent.
616 983 743 1044 Plurima
766 991 828 1044 tum
851 983 936 1044 nobis
957 991 990 1043 ut
1020 1001 1055 1043 ex
1078 983 1187 1044 Scholl.
1209 983 1283 1044 Vett.
1305 983 1429 1062 repetita
1448 983 1494 1042 vix

305 1087 392 1164 digna
416 1105 482 1146 esse
501 1083 673 1146 videbantur
694 1103 769 1161 qnae
789 1085 1068 1146 transcriberentur·
1109 1085 1242 1145 Attamen
1264 1085 1382 1146 futurus
1401 1084 1495 1144 editor

304 1188 368 1267 ipse
398 1187 492 1247 videat
519 1205 642 1246 neccsse
666 1193 724 1260 est,
753 1204 849 1264 neque
870 1185 1017 1247 inutiliora
1041 1185 1128 1246 credo
1151 1205 1217 1248 esse
1234 1186 1378 1267 reperiet,
1406 1203 1493 1263 qnam

306 1307 380 1366 quae
402 1287 533 1348 eiusdem
551 1286 666 1364 generis
682 1287 758 1348 inter
779 1287 943 1348 recentiora
960 1286 1158 1366 Olympiorum
1173 1287 1289 1348 Scholia
1308 1287 1417 1348 dudum
1433 1285 1495 1346 vul·

305 1397 370 1468 gata
393 1396 469 1449 sunt.
489 1421 532 1433 -
552 1387 594 1448 ΑΒ
616 1389 672 1450 hac
686 1389 903 1449 Thomanorum
921 1389 1094 1450 recensione
1116 1388 1290 1448 Tricliniana
1313 1388 1495 1466 distinguen-

304 1492 359 1550 dae
375 1499 443 1550 sunt
458 1488 575 1550 notulae
590 1489 708 1549 criticae
723 1489 853 1549 eiusdem
865 1489 1004 1565 Triclinii,
1024 1506 1099 1567 quae
1114 1497 1143 1550 et
1156 1489 1185 1550 in
1205 1490 1268 1568 ipso
1288 1489 1388 1550 codice
1405 1507 1493 1569 supra

305 1591 421 1651 laudato
444 1591 528 1651 utin
551 1589 693 1650 exteriore
715 1587 846 1668 margine
868 1590 963 1669 posita
986 1609 1001 1650 a
1023 1590 1144 1670 reliquis
1166 1599 1348 1669 separantur.

392 1690 544 1769 Compilati
574 1691 689 1768 generis
719 1698 787 1752 sunt
815 1706 889 1769 quae
912 1692 998 1769 vulgo
1027 1693 1161 1752 seruntur
1182 1689 1299 1752 Scholia
1321 1692 1493 1754 Recentiora

306 1791 342 1852 ad
366 1791 508 1870 Olympia.
552 1791 632 1851 Haec
650 1792 1034 1852 Thomano-Triclinianam
1055 1791 1324 1870 interpretationem
1346 1811 1412 1853 cum
1433 1792 1494 1853 blo-

306 1892 467 1972 schopnlea
495 1892 555 1952 sive
576 1891 768 1952 Eustathiana
794 1893 832 1952 ita
856 1893 1025 1972 permixtam
1049 1873 1186 1954 exhibent
1209 1902 1241 1954 ut
1263 1893 1375 1972 singula
1404 1893 1495 1954 inter-

210 1981 211 1986 *
306 2000 488 2073 pretamenta
515 1993 637 2070 singulis
663 2000 768 2072 poetae
791 1993 864 2054 locis
891 1993 1038 2075 adscripta
1062 1995 1128 2056 sint.
1174 1995 1263 2056 iidem
1291 1995 1357 2055 libri
1378 1995 1494 2056 notulas

307 2095 425 2156 criticas
446 2113 461 2154 a
483 2093 602 2171 reliquis
618 2103 768 2173 separatas
788 2095 955 2156 ostendunt.
1001 2096 1066 2167 Quo
1086 2097 1205 2157 nomine
1224 2097 1328 2157 mirum
1344 2115 1391 2158 me
1406 2096 1494 2156 habet

307 2195 468 2276 compluria
488 2213 546 2254 non
569 2195 605 2254 ad
618 2194 746 2255 Triclinii
770 2196 822 2256 sed
844 2196 878 2256 ad
891 2197 1074 2277 Moschopuli
1090 2198 1260 2258 notationes
1282 2199 1395 2272 referri,
1421 2215 1494 2276 quas

306 2306 404 2357 tamen
414 2295 552 2356 Triclinio
563 2295 737 2374 probaverit.
763 2297 823 2356 iarn
839 2315 929 2374 quum
943 2298 1045 2358 harum
1060 2298 1224 2360 notularum
1237 2299 1267 2359 in
1278 2299 1494 2380 Moschopuleis

306 2397 388 2459 libris
410 2417 447 2460 ne
468 2397 619 2456 minimum
636 2397 752 2474 quidem
775 2397 927 2476 vestigium
943 2408 1120 2478 compareat,
1141 2410 1243 2461 contra
1265 2419 1367 2462 omnes
1386 2419 1445 2462 non
1464 2401 1494 2461 in

307 2499 462 2576 compilato
481 2515 588 2576 genere
610 2499 714 2573 solnm,
740 2499 791 2560 sed
807 2499 837 2558 in
855 2499 928 2578 ipsis
941 2500 1125 2562 Triclinianis
1147 2501 1339 2576 inveniantur,
1360 2501 1495 2564 Moscho·

306 2599 367 2677 puli
385 2617 434 2659 eas
451 2617 516 2659 esse
531 2600 703 2660 nonoredo.
728 2633 769 2644 —-
792 2599 1003 2679 Compilatores
1025 2603 1107 2680 signa
1126 2603 1269 2680 quaedam
1287 2604 1494 2682 praefixerunt,

307 2707 340 2761 ut
361 2719 413 2761 sna
440 2699 544 2778 cuique
569 2699 682 2761 auctori
708 2701 879 2762 tribuerent.
929 2701 1039 2763 Eadem
1068 2703 1150 2781 sigua
1177 2703 1284 2782 glossis
1311 2703 1493 2766 addiderunt.

306 2801 379 2862 Nam
403 2801 510 2880 duplex
532 2803 561 2861 in
583 2801 630 2862 his
653 2801 751 2880 glossa
771 2809 831 2876 est,
853 2803 941 2864 altera
965 2822 1039 2882 quae
1060 2803 1283 2885 Moschopulea‚
1307 2803 1397 2866 altera
1420 2824 1494 2883 quae

307 2888 457 2962 Tliomana
474 2902 573 2963 relert.
610 2903 651 2962 tu
667 2903 739 2964 haec
761 2904 902 2984 exemplis
922 2905 1093 2967 illustranda
1111 2907 1180 2966 hino
1196 2907 1263 2967 inde
1278 2907 1308 2968 in
1322 2907 1380 2968 hoc
1396 2907 1494 2968 libello

307 3003 435 3064 animum
457 3002 577 3063 attendi.
609 3003 726 3066 Videbis
743 3013 894 3084 praeterea
918 3025 964 3066 me
986 3007 1149 3067 recentiora
1172 3008 1236 3092 suis
1253 3008 1421 3070 auctoribus
1444 3008 1495 3069 ad-

306 3105 449 3203 signasse.
485 3103 580 3174 Quam
595 3123 658 3164 rem
673 3104 711 3166 ita
726 3107 855 3175 tractavi,
877 3117 919 3182 ut,
943 3107 1061 3185 quaein
1078 3107 1178 3168 codice
1194 3109 1344 3170 Thomano
1368 3110 1448 3189 (Aug.
1460 3109 1493 3190 Β)

307 3206 474 3291 inveneram
494 3205 632 3280 Thomas,
656 3205 780 3283 quaein
802 3207 1018 3286 Moschopuleis
1040 3207 1130 3286 (heid.
1142 3209 1176 3283 Β,
1200 3211 1282 3272 Caes.
1302 3210 1335 3291 Β)
1359 3211 1495 3273 Moscho·

306 3306 376 3385 pulo
401 3304 574 3386 (Eustathio)
598 3305 790 3383 ascriberem,
822 3309 1023 3394 consentiente
1050 3309 1223 3390 plerumque
1244 3312 1319 3374 libro
1349 3311 1495 3393 compilati

307 3407 422 3484 generis
444 3404 542 3485 mose.
555 3406 589 3487 Β)
613 3415 642 3468 et
653 3408 703 3469 ubi
719 3415 813 3470 exstat
826 3409 1002 3472 Tricliniano
1023 3411 1083 3488 (Ab.
1098 3411 1161 3494 rt),
1184 3414 1295 3494 reliqua
1313 3433 1381 3476 vero
1398 3415 1494 3476 omnia

307 3506 445 3568 Triclinio
469 3507 675 3569 adiudicarem.
711 3510 776 3580 Quo
798 3518 885 3590 pacto
906 3531 980 3590 quac
1002 3513 1038 3574 ad
1051 3513 1289 3594 Moschopulcam
1307 3533 1382 3593 quae
1403 3516 1496 3576 lertur

307 3608 500 3688 paraphrasin
525 3609 686 3688 pertinent,
711 3612 874 3673 certissime
897 3633 912 3673 a
936 3613 1055 3691 reliquis
1075 3613 1298 3694 disiunguntur,
1327 3615 1494 3694 etquidem

306 3709 346 3769 ita
372 3716 403 3770 ut
424 3709 502 3770 haud
532 3728 597 3770 raro
621 3729 739 3772 crucem
759 3711 1030 3792 Moschopulcam
1021 3734 1053 3776 rn
1074 3715 1164 3776 Mose.
1182 3715 1204 3774 B
1232 3715 1395 3794 neglectam
1423 3715 1493 3794 quin

248 3813 251 3818 ’
308 3827 370 3869 eam
399 3791 523 3870 subinde
549 3810 624 3872 male
646 3813 770 3891 positam
794 3833 861 3876 esse
883 3822 1030 3894 appareat
1077 3815 1157 3888 Quae
1180 3836 1248 3878 vero
1268 3817 1397 3880 Thomae
1425 3819 1493 3891 sint,

307 3926 381 3986 quae
404 3909 543 3986 Triclinii,
566 3913 663 3974 minus
685 3922 798 3976 certum
818 3923 871 3977 est
917 3915 1021 3978 Omnia
1040 3917 1156 3997 quidem
1179 3914 1212 3980 ea
1235 3937 1309 3996 quae
1330 3919 1359 3980 in
1380 3920 1451 3997 Aug.
1470 3919 1493 3978 B

229 4071 230 4074 ,
307 4009 461 4088 leguntur,
493 4013 523 4072 in
544 4013 634 4076 Mose
651 4015 674 4076 Β
698 4035 786 4078 cruce
813 4025 928 4090 carent,
957 4017 982 4078 si
1004 4037 1064 4079 non
1085 4018 1267 4080 omittuntur.
1313 4020 1370 4080 Sed
1393 4020 1494 4082 dubito

307 4129 378 4171 num
400 4112 472 4189 Aug.
485 4113 508 4172 B
532 4114 681 4178 Thomana
698 4117 810 4196 integra
830 4117 985 4181 contineat.
1018 4119 1146 4182 Possunt
1166 4119 1254 4198 igitur
1276 4138 1351 4198 quae
1372 4121 1493 4184 Mosc.B

308 4211 382 4329 (sine
405 4215 502 4292 cruce)
524 4215 629 4332 hahet,
650 4219 722 4295 hug.
737 4217 760 4278 Β
787 4219 901 4294 omittit,
925 4219 1054 4285 Thomas
1073 4239 1149 4296 esse,
1170 4221 1214 4283 vel
1234 4222 1493 4302 potiusThomana

375 4361 395 4425 ¹)
415 4363 444 4413 Si
462 4328 541 4416 Tne-
520 4371 577 4416 ines
597 4372 709 4434 excerpt
712 4385 727 4418 a
698 4368 859 4428 t·fecerit‚
881 4385 931 4420 cue
950 4375 1012 4436 punt
1015 4387 1052 4434 es,
1073 4387 1138 4436 quos
1157 4372 1292 4423 Triclinio
1311 4374 1492 4440 assignamus,

308 4445 429 4497 Thomas
448 4448 555 4500 dandae
574 4457 645 4501 sunt.
