3322 5190
276 349 295 408 6
630 361 764 402 εοαοιια
788 359 948 402 creseere
970 361 1012 401 Ao
1034 359 1122 404 01..1.

309 463 339 500 ed.
351 463 421 499 nourr.

297 515 338 552 pag.
396 505 429 540 tin.

477 547 582 622 ζῶντα
599 537 703 606 αὐτόν
719 539 905 623 ἐξήνεγκεν.
937 534 977 602 δν
992 543 1033 623 (11.
1050 534 1119 622 ῶςῖ)
1139 536 1195 604 καὶ
1210 537 1364 624 καθαρὸν

474 652 597 736 λέβητα
612 647 716 714 αὐτὸν
732 647 894 732 ὀνομάζει.
1313 734 1314 738 ¹

303 777 331 827 31
380 781 447 825 extr.
520 761 631 846 φάτις]
653 759 799 845 ἱστορίας
814 763 852 840 gl.
869 763 950 824 Leid.
967 762 997 824 C.
1020 757 1128 842 φήμη]
1146 760 1183 839 gl.
1200 761 1281 822 Ceos.
1296 761 1329 823 Α.
1342 759 1361 842 ¹)

302 893 334 944 32
404 893 419 940 ν
518 868 556 935 τὸ
572 871 609 934 δέ
627 859 649 953 ἦ
664 868 781 951 θαῦμα
800 865 841 932 τά
857 866 965 933 πολλά
986 867 1151 952 γράφεται
1171 866 1227 931 καί
1242 865 1361 943 οὕτως·

476 971 498 1065 ἦ
512 976 672 1062 θαυματὰ
687 976 810 1042 πολλά·
834 975 909 1042 άντὶ
924 977 985 1042 τού
998 975 1101 1052 ὄντας
1113 973 1293 1059 θαυμαστά
1308 975 1364 1042 καὶ

477 1089 552 1168 άξια
568 1087 752 1170 θαύματος.
788 1076 810 1171 ἦ
824 1090 942 1171 θαῦμα
956 1083 1030 1151 άυτὶ
1045 1089 1106 1150 τοῦ
1124 1068 1228 1161 toros
1246 1089 1363 1170 θαῦμα

478 1197 533 1264 καὶ
545 1198 709 1282 ἔκπληξις.
727 1194 1111 1280 ἐκπληξιςδὲκαὶφόβος,
1126 1195 1159 1273 ἐξ
1167 1193 1364 1280 ἀσυνήθους

477 1311 673 1393 φαντασίας.
699 1301 721 1390 ἢ
738 1303 941 1390 ἐκπληκτικὰ
953 1302 1028 1370 τινά
1042 1300 1290 1390 ὑπερβαίνοντα
1301 1301 1363 1389 τὴν

477 1417 643 1502 άλήθειαυ
665 1414 721 1481 καὶ
744 1413 827 1502 πρὸς
847 1413 885 1480 τδ
903 1415 1188 1500 τερατωδέστερον
1209 1412 1361 1480 νεύοντα.

477 1525 497 1612 ἡ
515 1527 553 1592 δὲ
569 1525 740 1604 σύνταξις·
765 1523 901 1610 φέρεται
914 1525 951 1590 δὲ
966 1523 1022 1588 καὶ
1036 1524 1169 1608 βροτῶν
1185 1523 1288 1608 φήμη.
1398 1613 1403 1618 Ι

516 1632 536 1720 ἡ
552 1635 658 1720 χάρις,
678 1631 865 1720 ἡποιητική
883 1633 1041 1718 δύναμις·
1065 1631 1104 1698 τὸ
1121 1630 1268 1698 αι’τιατδν
1286 1630 1361 1699 άυτὶ

475 1749 536 1811 τοῦ
559 1748 683 1810 αίτίον·
712 1749 753 1830 τῇ
768 1745 922 1829 ποιητικῇ
936 1742 1000 1828 γάρ
1016 1743 1158 1826 δυνάμει
1180 1743 1361 1828 ἐνυπάρχει

474 1853 512 1920 τδ
535 1855 679 1939 ἐνήδονα
700 1854 824 1938 λέγειν·
856 1849 879 1938 ἢ
904 1851 944 1918 τά
965 1851 1143 1940 πράγματα
1166 1851 1210 1917 δι’
1236 1849 1361 1937 ὀνομά-

474 1960 580 2049 τωνῆ
604 1962 649 2030 δι’
667 1963 816 2050 ὁρισμῶν
837 1962 1133 2029 άποδεικνύονται·
1159 1963 1308 2028 ἐνταῦθα
1323 1964 1359 2028 δὲ

475 2071 602 2162 ὁρισμῷ
622 2071 684 2158 τὴν
706 2071 883 2158 ποιητικὴν
904 2073 1084 2158 ἐδήλωσεν.
1121 2070 1274 2158 ποιητικὴ
1295 2071 1360 2160 γάρ

476 2184 570 2269 χάρις
590 2183 756 2268 άπαΕντα]
780 2184 888 2268 τεύχει
907 2183 948 2248 τά
967 2187 1097 2268 μείλιχα
1118 2189 1257 2260 θνατοῖς
1277 2183 1360 2249 κατά

474 2295 659 2377 Πίνδαρον.
705 2291 742 2358 τδ
764 2295 800 2358 δὲ
825 2293 1028 2372 ἐξαπατῶντι
1052 2290 1127 2358 ἀντὶ
1152 2297 1213 2357 τοῦ
1239 2294 1361 2372 ἐξαπα-

473 2407 563 2468 τῶσι.
596 2401 749 2488 δοτικὴν,
772 2401 848 2469 ἀντὶ
863 2405 1009 2488 δοτικῆς·
1032 2401 1088 2467 καὶ
1104 2399 1260 2486 εύδείαυ,
1286 2400 1361 2468 άντὶ

474 2517 531 2596 τῆς
543 2509 686 2590 εὐθείας.
705 2511 742 2578 τδ
750 2514 786 2578 δὲ
796 2513 993 2600 ἐπιφέροισα
1002 2511 1111 2597 τιμάν,
1124 2517 1222 2578 τοῦτο
1233 2511 1360 2598 άξίωμα
1449 2505 1452 2518 ’

474 2623 534 2686 τού
554 2623 676 2706 λόγου·
710 2623 986 2688 ἐπιδεικνύουσα·
1016 2621 1078 2706 τήν
1099 2622 1217 2707 ἑαυτῆς
1239 2624 1357 2703 δόξαν·

474 2723 647 2798 τουτέστιν
653 2733 760 2818 ἰσχύν.
775 2733 918 2798 ἑκάστου
928 2731 993 2816 γάρ
1005 2733 1095 2816 δόξα,
1108 2729 1128 2817 ἡ
1139 2730 1231 2817 ἰσχύς
1242 2729 1357 2800 αύτού.

299 2888 340 2932 -,
369 2836 449 2930 ι-,ιο
475 2852 535 2913 rr..
566 2855 687 2912 28—34
701 2860 729 2907 α
744 2859 864 2919 35-33,
880 2857 897 2911 3
914 2851 947 2906 α.
964 2849 1029 2924 (ο).
1054 2859 1096 2919 33,
1113 2858 1185 2924 req.
1203 2852 1266 2914 rh..
1292 2861 1356 2912 5-

478 2941 506 2994 12
522 2937 566 2991 Tr.
597 2943 630 2996 13
644 2936 677 2993 Μ.
696 2935 758 3009 (R),
775 2943 810 2996 28
824 2951 865 3007 sq.
884 2943 911 2992 εῑ
926 2942 1045 2999 35-34,
1060 2941 1076 2992 2
1090 2935 1123 2991 M.
1140 2932 1200 3010 (R).
1271 2996 1275 3002 .

298 3090 329 3098 -
394 3064 423 3113 15
512 3031 675 3122 ἧάμέραι
699 3042 746 3121 (id.
763 3043 844 3122 text.)
867 3034 1104 3122 ἥγουνὸμετά
1121 3041 1225 3102 ταῦτα
1239 3038 1359 3122 χρόνος
1406 3061 1438 3112 53

472 3146 527 3211 καὶ
543 3143 561 3212 ὁ
577 3145 824 3231 έφεξῆςκαιρός
838 3143 986 3212 δεικνύει
1001 3145 1038 3212 τό
1053 3150 1200 3234 πρᾶγμα,
1221 3149 1356 3232 ἐλέγχει,
1413 3138 1414 3142 “

471 3254 663 3356 άπογυμνοῐ
676 3259 785 3322 ἐκεῖνο
800 3257 856 3322 καὶ
872 3263 1018 3342 φανεροί
1030 3253 1147 3322 ὁποῖόν
1164 3258 1264 3324 ἐστιν.

297 3411 329 3418 -
390 3383 422 3434 ‘23
512 3365 549 3430 τὸ
570 3367 607 3431 δὲ
628 3367 795 3454 μάρτυρες
817 3367 1022 3453 σοφῶτατοι,
1053 3365 1128 3433 άυτδ
1149 3371 1209 3432 τού
1230 3366 1295 3456 γάρ
1316 3372 1355 3454 ()
1405 3383 1438 3432 54

470 3473 508 3540 τδ
523 3477 671 3560 συνεχῶς
687 3478 809 3561 λεχθὲν
824 3479 952 3561 λέγεται
969 3477 1024 3544 καὶ
1041 3478 1159 3564 σοφόν.
1173 3480 1194 3562 ²)

344 3649 364 3716 1)
384 3644 482 3717 φάτιν,
502 3649 573 3714 quod
586 3649 768 3700 Scholl.Vett.
789 3668 815 3716 p.
829 3650 870 3711 31,
884 3649 917 3701 36
935 3653 963 3700 in
982 3653 1092 3716 optimis
1112 3653 1189 3702 codd.
1212 3652 1285 3716 (Vat.
1298 3653 1329 3703 B.
1348 3653 1461 3704 Leidc

271 3735 325 3799 ol.)
343 3741 373 3786 ut
385 3737 491 3786 variam
504 3734 669 3799 scripturam
683 3733 807 3796 afferunt,
828 3751 881 3785 non
896 3740 986 3785 exstet
1004 3736 1033 3784 in
1045 3736 1102 3786 ullo
1114 3736 1183 3788 libro
1196 3737 1253 3788 MS.
1268 3728 1354 3802 φάτις
1367 3738 1462 3803 optimi

272 3822 375 3886 quique
394 3819 493 3886 (etiam
505 3820 569 3869 Vet.
582 3815 629 3882 B),
649 3813 756 3884 φρένας
769 3821 945 3870 ‘recentiores
964 3812 1070 3878 omnes3
1089 3821 1225 3872 Thomani
1237 3823 1371 3872 fluctuent
1389 3825 1462 3872 inter

269 3910 423 3970 utrumque;
443 3897 536 3970 φρένα
555 3901 639 3968 (quod
652 3903 727 3954 Rom.
741 3903 861 3968 invexit)
882 3906 911 3954 in
923 3905 997 3956 nullo
1010 3904 1091 3956 libro.
1128 3899 1214 3972 φάτις
1227 3907 1395 3973 glossatoros
1412 3907 1460 3956 tri-

269 3989 338 4054 plici
357 3989 436 4039 modo
455 3989 677 4055 explicaverunt,
697 3987 747 4038 alii
764 3994 795 4038 ut
807 3990 990 4042 Accusativus
1007 3989 1138 4056 pluralis,
1160 3991 1210 4041 alii
1227 3997 1258 4041 ut
1269 3992 1460 4043 Nominetivuo

269 4073 429 4138 singularis,
450 4073 498 4122 alii
517 4079 547 4122 ut
559 4075 636 4124 Nom.
650 4073 719 4139 plur.
739 4075 846 4124 numeri
864 4075 909 4124 sit.
947 4075 1034 4137 Quum
1046 4075 1243 4126 Accusativum
1261 4076 1458 4140 desiderarent,

269 4149 372 4223 φάτιν,
393 4151 515 4223 φρένας,
535 4151 628 4223 φρένα
647 4157 842 4210 eoniioiebent.
875 4160 953 4222 Quod
964 4159 1051 4211 voluit
1064 4160 1201 4226 glossator
1213 4160 1290 4210 Leid.
1304 4159 1334 4223 C,
1354 4161 1382 4210 id
1395 4175 1459 4226 quo·

268 4242 412 4292 dammodo
431 4240 596 4292 confirmant
614 4241 714 4292 Scholl.
734 4244 810 4294 Vett.
829 4235 896 4304 τούς
914 4235 1073 4303 ἀκούοντας
1092 4244 1136 4308 (z
1153 4259 1292 4295 sermones
1310 4244 1459 4308 hominum)

267 4327 431 4390 reddentes,
451 4329 580 4390 correpte
598 4325 703 4377 ultima.
728 4328 770 4376 Of.
786 4328 828 4380 Ol.
841 4329 877 4378 xl
890 4329 947 4394 (X),
963 4329 992 4378 17
1011 4321 1101 4390 πόλις.

335 4425 358 4491 ²)
376 4426 432 4477 Aut
443 4418 475 4478 τδ
493 4411 532 4479 δι’
544 4417 608 4480 ovet
620 4425 671 4479 τοῦ
682 4413 751 4494 χάρ-
766 4421 796 4480 τδ
810 4421 864 4496 γάρ
877 4429 1001 4496 συνεχῶς
1021 4435 1068 4479 aut
1087 4421 1152 4481 άντλ
1170 4425 1234 4494 τού,
1254 4422 1285 4480 τὸ
1304 4421 1358 4497 γάρ
1377 4445 1457 4484 συνε-

270 4509 324 4578 χῶς
342 4511 515 4562 scribendum
535 4516 584 4562 est.
