3322 5190
606 351 742 398 εοποπια
764 351 926 396 mnsam
948 353 990 394 An
1012 352 1061 394 οι.
1078 353 1112 394 x1
1130 331 1138 407 ί
1159 330 1178 412 ).

329 452 359 486 ud.
372 450 441 485 Bookh.

315 501 364 596 λάε
416 493 450 596 λλ
542 531 733 616 παριόντας.
777 529 862 596 ναὸν
892 534 939 616 τῷ
962 529 1148 595 Ἀπόλλωνι
1182 532 1236 612 (id.
1262 533 1324 592 Vat.
1347 531 1380 611 Β)
1466 515 1471 524 ’

497 642 703 726 βουλόμενος
718 642 755 706 έκ
772 645 840 706 τῶν
855 664 896 724 με
913 645 972 726 (sic)
990 640 1206 722 οἰκοδομῆσαι

323 815 358 827 -
417 792 450 839 24
541 776 698 852 σύστασις
729 765 813 861 [οὖν
849 773 962 850 αὐτοῖς
989 773 1114 858 μάχης]
1149 771 1383 857 ἐφυγάδευσεν

499 889 570 968 (Vat.
588 889 611 950 B
631 883 645 949 .'
652 935 762 950 .......
772 889 840 969 σεν)
860 879 1007 968 Ἡρακλή
1022 887 1051 967 (λ)
1149 880 1224 946 ἀλλ’
1240 880 1383 965 ὕστερον

499 992 691 1078 ὁἩρακλῆς
704 993 761 1058 καὶ
777 997 898 1060 τοῦτον
912 991 1095 1056 ἀπέκτεινε.
1114 995 1162 1076 (id.
1178 995 1238 1055 Vat.
1256 995 1288 1074 B)

321 1169 356 1179 -
417 1143 449 1191 27
540 1133 602 1194 Vat.
619 1134 642 1192 Β
658 1125 724 1193 ὑπὸ
739 1125 811 1194 ’Ίλα
842 1126 1043 1194 Οοοε.Αάπό
1055 1125 1181 1192 Ἰολάου

324 1303 357 1312 -
417 1277 450 1326 28
528 1261 601 1350 Ἴλᾳ
617 1269 693 1349 (ante
708 1267 796 1347 corr.)
813 1267 894 1328 Caes.
908 1267 941 1327 Α.
967 1267 1037 1346 (Vat.
1054 1265 1077 1326 B
1092 1266 1150 1344 legi
1164 1283 1225 1325 non
1240 1264 1355 1342 potest).

180 1445 190 1466 v,
315 1409 365 1460 243
428 1411 440 1460 1
542 1400 716 1484 πόλεμον]
732 1394 896 1484 ὑπέρβιον
911 1399 948 1462 δὲ
964 1395 1024 1463 τὸν
1035 1393 1211 1489 Ἡρακλέα,Ι
1234 1395 1383 1459 τουτέστι
1430 1427 1436 1442 ·
1522 1447 1525 1458 .

498 1508 557 1574 τόν
582 1509 731 1594 ἰσχυρόν.
762 1510 822 1572 τὸν
835 1503 999 1592 Ἡρακλέα
1019 1495 1083 1571 οὖν
1100 1505 1267 1593 τραπέντα
1284 1503 1383 1588 άνέρ-
1505 1571 1511 1575 ,

500 1636 609 1704 ρωσεν
623 1615 643 1702 ἡ
657 1615 798 1700 Ἀθηνά·
823 1615 931 1702 άίςπερ
953 1614 1009 1681 καὶ
1026 1612 1130 1680 αὐτὸν
1150 1613 1209 1680 τόν
1220 1611 1383 1699 Ἡρακλέα
1483 1645 1484 1650 ’

497 1726 681 1811 ἡἉθηνά,
711 1724 797 1790 οὕτω
820 1725 875 1790 καὶ
901 1725 960 1791 τὸν
980 1724 1201 1809 Ἀγησίὸαμον
1229 1720 1384 1798 ὁἸόλαος

500 1830 571 1917 (νει.
587 1841 610 1901 Β
626 1834 734 1920 καις).
756 1875 795 1882 -
819 1839 861 1900 α.
877 1839 927 1900 nn.
944 1845 994 1904 25.

419 2013 431 2028 ι
520 1961 621 2057 ιἸόλρι
640 1971 797 2054 [φερέτω]
814 1975 958 2053 usquead
977 1971 1151 2054 [ε’κείνον].
1180 2009 1214 2018 -
1240 1969 1306 2034 Καὶ
1323 1972 1382 2053 (sic)
1432 2001 1445 2040 ·.

499 2078 580 2165 φάτ’
604 2079 718 2165 άρετᾷ.
754 2076 771 2142 ὁ
793 2081 890 2155 νοῦς·
915 2080 971 2144 καὶ
991 2079 1051 2144 τὸν
1073 2082 1168 2163 φῶτα
1192 2079 1229 2143 δὲ
1250 2077 1307 2142 καὶ
1325 2075 1384 2142 τὸν

498 2190 606 2276 ἄνδρα
623 2187 640 2253 ὁ
655 2187 741 2273 ἀνὴρ
757 2185 822 2252 οὐν
836 2194 877 2274 τῇ
892 2189 1028 2274 παλάμῃ
1042 2189 1100 2252 καὶ
1113 2186 1177 2252 σάν
1191 2193 1232 2273 τῇ
1243 2192 1384 2274 βοηθείᾳ

499 2298 554 2364 καὶ
575 2302 617 2384 τῇ
639 2301 800 2384 συνεργία
820 2301 881 2361 τοῦ
901 2301 987 2362 θεοῦ
1009 2300 1268 2382 (έξασφαλίζεται
1286 2301 1384 2362 τοῦτο

499 2407 594 2492 οὕτω)
619 2407 724 2491 θήξας
744 2407 800 2471 καλ
820 2408 985 2492 διεγείρας
1003 2405 1060 2472 καὶ
1081 2404 1200 2485 ὀξάνας
1221 2411 1263 2492 τῇ
1283 2405 1386 2493 ἀρετῇ

499 2516 643 2603 ὁρμάσαι
666 2515 722 2580 καὶ
749 2515 1024 2600 ἀναβιβασθῆναι
1046 2517 1203 2600 ἐποίησεν
1224 2519 1270 2592 είς
1291 2517 1386 2590 κλέος

499 2615 684 2707 καὶδόξαν,
703 2623 869 2709 πελώριον
880 2623 936 2689 καὶ
948 2605 1031 2708 μέγα
1046 2625 1102 2691 καλ
1116 2625 1280 2711 λαμπρόν.
1310 2630 1384 2690 Con·

498 2747 544 2800 tra
560 2741 622 2800 Vat.
639 2740 678 2821 BK:
703 2731 807 2798 Φάντ’
826 2731 939 2821 άρετᾷ.
978 2733 1038 2800 τὸν
1057 2734 1186 2820 φύντα,
1208 2733 1291 2820 πρὸς
1307 2732 1385 2818 άρε-

498 2842 559 2928 τὴν
575 2843 639 2910 σὺν
653 2847 739 2908 θεοῦ
760 2842 897 2929 παλάμῃ
918 2844 1108 2929 παροξύνας
1128 2849 1165 2929 (h.
1182 2849 1201 2909 l.
1218 2866 1324 2910 manus
1337 2867 1384 2908 re·

499 2977 568 3018 cens
594 2959 773 3035 interposuit
798 2957 860 3037 τις)
896 2951 979 3038 πρὸς
1005 2955 1088 3037 μέγα
1118 2955 1214 3030 κλέος
1243 2950 1385 3038 ὁρμῆσαι

499 3060 678 3144 ποιήσειεν.

314 3207 365 3256 244
392 3207 470 3268 ιεμο
496 3199 605 3280 Μ.(2.),
627 3204 813 3271 26-31Th„
837 3210 901 3271 245,
914 3210 946 3263 14
957 3220 999 3276 sq.
1018 3204 1077 3271 Tr„
1103 3211 1211 3266 17—19
1227 3206 1285 3272 Th„
1309 3212 1383 3268 27-

497 3295 532 3350 32
547 3289 580 3343 Μ.
598 3285 655 3365 (ΕΗ)
774 3339 784 3350 ..

324 3451 354 3460 -
424 3428 441 3476 4
541 3415 650 3499 φάος]
682 3411 845 3500 ἢοῧτως·
870 3412 976 3499 ὀλίγοι
1000 3413 1085 3480 είσλν
1107 3415 1143 3479 οἱ
1158 3415 1258 3500 χωρὶς
1276 3415 1383 3482 πόνον

497 3523 657 3608 λαβόντες
671 3523 795 3610 χαράν,
817 3523 925 3610 ἤγουν
941 3528 1058 3608 νίκην·
1081 3523 1152 3608 ἥτις
1174 3525 1331 3610 ε’στλφοῖς
1347 3527 1385 3591 έν

497 3632 598 3718 βιότφ
612 3632 669 3696 καλ
684 3635 722 3696 έν
737 3639 778 3718 τῇ
792 3638 868 3718 ζωῇ.
903 3629 926 3716 ἢ
947 3633 1048 3697 οὕτω·
1071 3634 1181 3718 χάρμα
1198 3633 1236 3698 δὲ
1256 3633 1385 3700 άπονον

498 3738 563 3824 πρὸ
584 3741 721 3804 πάντων
740 3745 808 3806 τοῖν
826 3745 934 3826 ἔργων
956 3746 1084 3827 παῦροί
1100 3766 1206 3826 τινες,
1229 3743 1306 3809 άντλ
1324 3747 1386 3808 τοῦ

498 3847 579 3915 ούθέ
596 3873 704 3932 τινες,
730 3853 869 3935 ἔλαβον·
898 3850 980 3936 ὅπερ
1001 3854 1049 3938 τῷ
1071 3850 1173 3938 βιότφ
1197 3835 1309 3918 αὐτοῖν
1328 3853 1384 3917 καὶ
1455 3927 1468 3946 ,Ι

353 4027 355 4030 ,
496 3962 539 4043 τῇ
553 3963 634 4044 ζωῇ,
659 3957 696 4023 τὸ
714 3959 839 4046 χάρμα,
864 3959 934 4026 ἐστὶ
951 3961 1046 4045 φάος.

322 4126 357 4137 -
424 4101 441 4149 8
540 4093 578 4156 αλ
587 4093 723 4176 θέμιθες
742 4090 808 4178 (om.
825 4093 916 4179 Διὸς)
936 4107 1018 4160 recte
1033 4099 1094 4160 Vat.
1110 4099 1143 4160 Β.
1161 4098 1242 4160 Caes.
1257 4100 1291 4160 Α.

323 4263 354 4272 -
417 4234 448 4284 10
538 4205 671 4307 θέμιτες
688 4228 726 4292 δὲ
744 4226 820 4292 άντλ
843 4233 920 4311 [τοῦ
940 4229 1091 4314 θέμιδές]
1112 4246 1205 4314 φησι.
1241 4225 1381 4313 Δωρική
1433 4248 1467 4298 28

496 4329 567 4417 ὃὲὴ
585 4337 724 4418 [κλίσις]
738 4386 817 4402 .....
836 4336 1060 4424 καλὍμηρος·
1085 4338 1201 4422 Θέμιτι
1216 4338 1253 4402 δὲ
1266 4340 1382 4402 καλλι-

495 4440 623 4528 παρῄῳ.
661 4445 723 4508 Vat.
741 4448 774 4508 B.
798 4483 837 4494 -
863 4451 945 4512 Caes.
968 4451 991 4511 Α
1017 4451 1080 4512 sere
1099 4450 1191 4511 idem:
1222 4442 1299 4510 άντλ
1321 4453 1383 4514 τοῦ

979 4529 983 4538 ι
