3322 5190
588 347 763 392 anthropon
786 347 944 390 carmena.
1126 342 1133 355 '
1339 341 1362 388 V

259 494 374 558 (lartius
395 496 442 558 his
465 504 510 557 est
529 495 574 557 01.
591 496 636 570 Vl,
654 494 694 557 62
710 523 752 552 =
774 499 842 569 107,
866 497 916 560 uhi
939 517 995 577 ope
1018 498 1121 578 optimi
1141 496 1206 558 libri
1229 496 1330 558 Vatss

640 589 860 677 ἀντεφθέγξατο
882 591 909 656 δ’
935 587 1076 678 ἀρτιεπὴς

367 697 475 776 πατρία
496 690 582 774 ὅσσα,
605 692 782 775 μετάλλασέν
801 699 831 762 τέ
852 721 916 759 νιν·
940 692 1027 778 ὄρσο,
1052 697 1167 773 τέκος.

173 822 233 864 oon
255 799 361 862 τέκνον
380 799 566 864 scribendum
590 819 656 861 esse
679 801 820 864 existimo.
866 803 987 880 Legitur
1005 803 1082 864 enim
1102 811 1240 882 tanquam
1257 803 1364 864 lemma

173 904 250 964 inter
272 902 367 964 media
392 901 509 964 Scholia
528 893 622 980 ’'Opco
644 900 729 962 τέκοσ
748 902 778 962 in
800 903 860 963 Vat.
880 903 920 978 B,
950 905 1026 982 qnod
1047 913 1076 965 et
1098 904 1209 983 gratius
1230 911 1313 965 sonat
1335 911 1365 964 et

175 1003 345 1089 exquisitius
368 1010 429 1078 est3
457 1021 512 1062 nec
535 1003 682 1080 quomodo
704 1005 797 1064 lomna
821 1000 904 1076 τέκος
926 1004 955 1064 in
978 1005 1074 1066 media
1096 1005 1213 1067 Scholia
1235 1007 1364 1085 irrepere

174 1105 302 1185 potuerit
319 1104 375 1166 nisi
397 1103 466 1164 olim
486 1104 515 1164 in
536 1111 615 1165 textu
636 1104 711 1166 lecta
730 1105 815 1166 luerit
835 1104 927 1166 video.
966 1106 1073 1167 Contra
1092 1103 1197 1166 τέκνον
1213 1125 1248 1167 ex
1265 1107 1363 1185 glossa

170 1206 260 1268 lacile
283 1205 452 1286 explicatur.

261 1307 341 1382 011,
357 1308 392 1368 41
402 1303 493 1365 -.-·66
511 1304 605 1368 rarior
621 1307 803 1385 quorundam
820 1307 961 1370 librorum
979 1308 1066 1370 lectio
1078 1306 1227 1386 χρυσέαισι
1240 1297 1298 1368 adv
1310 1329 1366 1370 nee

174 1409 305 1472 ioVat.B
319 1427 374 1468 nec
386 1409 489 1470 inPar.
499 1408 523 1471 G
534 1407 689 1482 invenitur,
708 1409 758 1469 sed
774 1408 803 1468 in
817 1407 867 1468 illo
883 1408 1024 1486 vulgatior
1035 1407 1202 1487 χρυσέαισιν
1214 1401 1264 1472 ἄν’
1281 1418 1310 1472 et
1323 1406 1365 1490 έν,

176 1519 333 1588 utrumque
349 1529 365 1570 a
380 1518 476 1570 vetere
491 1527 596 1585 manu;
617 1509 647 1568 in
665 1509 721 1570 hoc
738 1527 804 1569 vero
819 1507 955 1587 χρυσέαις
973 1499 1040 1569 κᾶν.
1076 1511 1135 1572 lam
1154 1519 1257 1591 reputa
1274 1531 1361 1590 quam

177 1611 263 1674 lacile
278 1613 306 1670 K
325 1617 354 1672 et
372 1613 412 1670 Ic
431 1611 570 1672 conlundi
592 1611 741 1690 potuerint
764 1617 792 1670 et
814 1610 878 1670 vide
900 1629 937 1670 ne
955 1611 1097 1672 Pindarus
1117 1609 1315 1690 χρυσέαισί
1335 1606 1365 1670 σ’

177 1702 231 1774 ἄν’
253 1711 356 1784 ἵπποις
371 1712 530 1792 scripserit.
576 1711 659 1772 Venit
680 1712 711 1772 in
733 1719 862 1772 mentem
884 1712 958 1773 alius
977 1713 1070 1774 locus.
1116 1714 1197 1792 Pyth.
1211 1713 1258 1788 1Χ,
1274 1713 1367 1774 62:

179 1815 239 1876 1118
259 1813 326 1874 libri
349 1808 521 1890 θηκάμενοι
544 1821 572 1874 et
591 1808 776 1890 θησάμεναι,
807 1813 857 1874 sed
882 1814 963 1874 solus
985 1816 1045 1874 Vnt.
1065 1814 1086 1873 B
1110 1810 1290 1892 θᾶκοὶμεναι.
1335 1815 1368 1876 ld

179 1915 265 1977 sirnili
286 1913 400 1976 ratione
421 1933 457 1974 ex
481 1915 775 1974 ΘΑΗΟΑΜΕΝΛΙ
792 1940 835 1966 =
855 1907 1099 1992 θαησάμεναι
1122 1924 1216 1978 ortum
1240 1937 1306 1978 esse
1328 1917 1369 1977 vi-

179 2018 280 2089 detur,
303 2034 362 2094 quo
385 2015 503 2076 Scholia
522 2016 633 2076 ducunt
655 2011 705 2074 καὶ
731 2008 923 2093 θαυμάσασαι
946 2006 979 2075 τὸ
1000 2013 1119 2095 βρέφος.
1165 2017 1238 2078 Sero
1260 2019 1317 2078 vidi
1339 2019 1369 2078 in

180 2118 302 2180 eandem
323 2136 460 2178 mecum
476 2116 600 2194 Bergkio
624 2105 857 2178 emendationem
877 2116 1026 2191 incidisse,
1049 2136 1135 2196 quam
1158 2118 1206 2178 ille
1223 2119 1267 2180 vir
1289 2119 1371 2198 inge-

180 2219 365 2282 niosissimus
393 2237 452 2278 non
478 2218 593 2296 cognita
622 2217 766 2297 scriptura
789 2219 919 2280 Vaticani
939 2238 973 2279 ex
996 2219 1122 2280 Scholiis
1149 2221 1232 2282 eruit.
1277 2222 1370 2282 Tanto

179 2322 273 2401 magis
296 2320 411 2382 conlido
434 2339 488 2382 nos
512 2320 607 2381 verius
628 2319 664 2378 de
684 2319 822 2381 hocloco
843 2320 989 2382 iudicasse
1012 2338 1098 2398 quarn
1122 2321 1371 2402 siveM0schopu-

180 2425 241 2486 lum
264 2415 509 2502 (κατθηκάμεναι)
533 2421 592 2482 sive
614 2420 784 2480 Triclinium
808 2413 1040 2501 (ένθηιιάμεναι).
1064 2457 1099 2466 -
1130 2423 1164 2484 ln
1186 2424 1289 2484 eodem
1309 2443 1373 2484 car-

182 2525 260 2586 mine
281 2523 366 2586 011.
390 2511 434 2584 rs.
457 2523 515 2582 107
533 2546 575 2574 =
598 2521 654 2583 173
683 2520 787 2598 κῦδος,
818 2524 895 2601 quod
918 2523 1059 2584 Faehsius
1083 2524 1248 2585 coniecerat
1270 2525 1373 2602 Terque

183 2627 245 2688 sine
266 2625 348 2686 lihris
371 2643 515 2720 seponere
536 2643 596 2685 non
619 2622 765 2718 audehas,
788 2624 818 2684 in
841 2623 956 2685 duohns
979 2624 1117 2704 perhonis
1140 2625 1222 2686 libris
1245 2625 1319 2705 (Par.
1339 2626 1373 2699 G,

183 2745 244 2806 Vat.
261 2745 303 2824 P),
326 2727 437 2836 nollo,
459 2743 489 2803 in
501 2719 653 2816 Perusino,
676 2727 765 2818 aiidoe
785 2742 815 2802 in
834 2741 916 2833 Leid.
937 2743 974 2817 C,
997 2740 1087 2818 κῆδος
1108 2743 1139 2803 iu
1157 2743 1292 2821 reliquis,
1320 2743 1373 2802 ιιᾶ-

183 2845 233 2919 tog
254 2846 284 2906 in
307 2845 385 2906 nullo
403 2843 477 2905 libro
496 2843 610 2920 legitur.

269 2964 313 3026 01.
333 2963 406 3037 Vlll,
428 2962 464 3022 10
482 2981 525 3040 sq.
544 2990 585 3015 ε
605 2963 642 3022 ld
663 2980 707 3039 sq.
730 2960 911 3036 oxScholiis‚
936 2961 959 3022 si
981 2981 1048 3022 cunr
1067 2963 1190 3023 Caesel
1210 2983 1264 3043 pro
1287 2955 1376 3036 δόξαν

186 3059 268 3126 δόσιν
290 3065 460 3146 scripseris,
483 3063 594 3144 patebit
615 3063 722 3142 legisse
744 3071 858 3124 veteres

811 3163 884 3243 μέγα
906 3185 952 3224 τοι
971 3162 1082 3245 γέρας
1104 3163 1172 3240 αἰεί,

496 3252 579 3351 ᾧτινι
602 3257 784 3337 σόν.ιι1έος
808 3255 907 3343 ἕσπητ’
932 3259 1052 3346 ciyluo'v.

186 3372 264 3452 quod
286 3371 325 3432 ita
347 3369 470 3449 simplex
495 3377 540 3430 est
561 3377 593 3429 ut
614 3377 659 3429 est
679 3369 797 3430 bonurn.
842 3370 976 3430 Attamen
999 3369 1116 3429 Scholia
1144 3368 1219 3428 Vrat.
1243 3371 1280 3438 Α,
1311 3370 1378 3429 lons

186 3473 329 3554 optimus,
354 3479 454 3533 contra
477 3472 573 3530 lacere
589 3469 731 3530 videntur.
754 3499 795 3510 -
815 3470 847 3530 ln
872 3469 974 3530 eodem
995 3470 1123 3530 carmine
1147 3467 1197 3546 (vs.
1217 3470 1254 3530 16
1269 3495 1313 3524 =
1327 3469 1376 3549 20)

187 3576 251 3636 Par.
268 3575 301 3650 G,
324 3573 411 3647 Gott,
433 3572 549 3634 LeidC
573 3570 627 3632 soli
648 3589 682 3630 ex
702 3570 784 3632 libris
808 3591 867 3632 non
886 3571 1068 3651 interpolatis
1088 3563 1120 3643 ὃς
1142 3577 1277 3644 tuentur,
1301 3570 1379 3648 quod

188 3695 276 3755 quum
298 3676 327 3736 in
350 3675 485 3755 plurimis
508 3673 591 3736 lihris
614 3673 786 3748 excidisset,
812 3681 892 3734 recte
917 3673 1062 3734 aThoma
1086 3681 1114 3733 et
1135 3672 1273 3733 Triclinio
1295 3692 1381 3752 repo-

177 3779 276 3840 ‘situm
300 3784 353 3838 est.
399 3779 506 3839 Contra
528 3775 738 3854 Moschopulus
760 3776 840 3836 male
860 3765 896 3835 ὃν
917 3775 1084 3844 inculcavit,
1111 3775 1220 3835 omisso
1243 3787 1282 3831 σε.
1327 3773 1382 3834 Hic

188 3881 272 3942 locus
293 3880 391 3940 vitium
421 3878 563 3939 contraxit
589 3896 624 3937 ex
648 3877 747 3952 glossa
769 3873 800 3935 ἐν
831 3878 861 3938 in
890 3886 1001 3938 textum
1030 3875 1160 3954 delapsa.
1205 3874 1236 3935 ld
1266 3875 1384 3954 saepius

191 3983 298 4042 lactum
320 3989 374 4052 est,
398 3998 487 4058 quum
506 3977 653 4039 recentior
669 3979 816 4039 Graecitas
838 3975 869 4036 ἐν
891 3977 1016 4057 simplici
1040 3977 1134 4037 dativo
1153 3977 1314 4056 praefigere
1335 3995 1382 4038 so-

191 4083 271 4144 leret.
295 4083 337 4144 ct.
356 4082 401 4142 01.
417 4081 458 4156 11,
476 4081 510 4142 61
528 4101 586 4156 ες,
613 4081 695 4160 Pyth.
713 4080 768 4154 lll,
788 4079 844 4153 36,
867 4081 948 4140 Nem.
963 4080 1018 4151 lll,
1038 4077 1077 4137 46
1094 4097 1136 4152 sq.
1163 4112 1198 4121 -
1223 4077 1255 4137 ln
1279 4079 1381 4139 eodem

190 4185 318 4246 carmina
339 4181 389 4262 (vs.
403 4183 443 4244 to
466 4210 507 4236 =
522 4181 571 4260 52)
594 4174 748 4258 ἀνόρουσε,
770 4182 847 4259 quod
866 4182 896 4241 in
912 4179 1038 4241 Scholiis
1061 4199 1091 4259 p.
1111 4179 1380 4257 195‚·1olegitur‚
1431 4165 1433 4181 ¹

191 4286 342 4348 estetiam
367 4285 397 4345 in
421 4284 481 4344 Vat.
502 4283 535 4356 Β,
559 4302 617 4344 non
641 4277 793 4360 έσόρουσε;
816 4283 846 4344 in
866 4281 984 4343 Leidt]
1008 4273 1159 4359 ἐπόρουσε.

276 4386 322 4448 Ol.
342 4387 390 4460 1Χ,
408 4384 445 4445 31
462 4411 505 4438 =
520 4385 559 4445 53
583 4385 647 4446 Par.
665 4385 688 4444 G
713 4374 779 4445 cum
807 4384 949 4445 Perusino
974 4392 1003 4444 et
1026 4383 1162 4443 lemmate
1180 4381 1380 4459 Gottingensis

192 4479 297 4550 κοιλάυ
318 4484 352 4558 ές
373 4479 492 4568 ἀγυιὰν.
529 4486 607 4548 ldem
628 4485 734 4548 lemma
752 4486 938 4548 scholiorum
954 4483 1217 4547 Vratislaviensium
1241 4490 1379 4563 praestat,
