3322 5190
323 1091 327 1100 y
380 973 791 1072 nrrsuouun
825 971 1187 1070 currrenn.

683 1213 884 1224 ῤ’...-

768 1397 799 1471 I·
895 1403 900 1416 ,

503 1576 748 1648 AUGUSTO
773 1562 1009 1646 ΒὸΟΚΗῙΟ
1036 1575 1074 1645 S.

281 1772 414 1834 Invenire
439 1775 542 1836 studiis
569 1776 676 1837 criticis
703 1775 780 1856 qnod
806 1795 860 1856 pro
887 1785 967 1837 certo
993 1773 1095 1836 haberi
1121 1773 1216 1853 possit
1242 1772 1296 1832 etsi
1322 1789 1382 1832 non

196 1893 335 1953 magnum
357 1883 456 1936 tamen
473 1895 573 1938 rarum
596 1885 624 1938 et
645 1878 804 1939 iucundum
822 1885 876 1939 est.
913 1877 997 1948 Quod
1015 1895 1081 1938 cum
1095 1875 1166 1936 mihi
1183 1875 1218 1934 de
1234 1873 1382 1934 nonnullis

196 1975 314 2036 Pindari
329 1975 402 2038 locis
420 1978 578 2056 contigisse
600 1979 776 2054 existimem,
799 1979 871 2039 nibil
887 1979 1033 2058 antiquius
1050 1977 1138 2038 habui
1159 1995 1246 2054 quam
1264 1983 1297 2036 ut
1308 1975 1382 2049 Tibi,

197 2077 242 2137 vir
255 2077 363 2157 optime
377 2087 406 2138 et
425 2079 642 2154 cordatissime,
665 2089 698 2141 ut
713 2081 775 2141 'l'uo
791 2080 896 2142 iudicio
913 2080 1102 2159 comprobes,
1126 2097 1298 2158 proponam.

282 2179 447 2241 Permultos
462 2180 544 2241 locos
559 2201 616 2242 non
633 2193 713 2242 recte
730 2183 757 2242 in
773 2183 920 2243 veteribus
934 2181 1016 2242 libris
1033 2181 1154 2241 traditos
1176 2197 1241 2240 csse
1260 2185 1383 2253 constat,

197 2280 236 2341 ita
259 2289 290 2340 ut
310 2287 360 2341 aut
376 2281 580 2360 Byzantiorum
605 2285 824 2344 emendationes
848 2283 981 2363 accipere
1002 2291 1051 2344 aut
1073 2282 1128 2342 alia
1149 2281 1185 2342 iis
1207 2279 1384 2342 substituere

198 2390 340 2461 oporteat.
377 2382 495 2461 Insigne
517 2384 659 2446 eiusmodi
682 2385 845 2465 exemplum
866 2386 953 2453 ollert
977 2383 1022 2446 Ol.
1046 2384 1086 2459 X,
1106 2385 1143 2446 10
1166 2382 1224 2463 (lll,
1243 2383 1306 2463 10),
1334 2382 1384 2443 ubi

200 2501 302 2544 omnes
323 2484 430 2545 vetusti
451 2485 517 2545 libri

420 2581 452 2644 ἐκ
467 2587 542 2646 θεοῦ
559 2578 584 2645 d'
603 2577 679 2666 ἀνὴρ
694 2591 800 2664 σοφαῖς
814 2581 909 2646 eludet*
923 2585 1154 2670 πραπίδεσσι[ν].

423 2686 490 2747 ἴσθι
508 2689 580 2758 νῦν,
600 2681 809 2768 Ἀρχεστράτου

421 2793 491 2862 παῖ,
506 2791 587 2865 τεᾶς,
607 2782 797 2869 Ἁγησίδαμε,
820 2791 987 2869 πυγμαχίας
1005 2787 1105 2848 ἕνεκεν

422 2882 534 2968 κόσμου
550 2888 599 2952 ἐπὶ
619 2885 757 2974 στεφάνῳ
774 2890 896 2972 χρυσέας
911 2889 1009 2964 ἐλαίας

420 2981 553 3071 ἁδυμελῆ
568 2986 732 3071 κελαδήσω.

201 3091 347 3165 scribunt,
376 3093 471 3172 primo
491 3113 578 3157 versu
600 3096 711 3157 mutilo.
753 3096 864 3158 lleesse
883 3097 960 3157 enim
982 3102 1049 3156 ante
1064 3091 1257 3172 πραπίδεσσιν
1276 3093 1388 3156 videtur

201 3213 256 3254 vox
271 3193 419 3273 trisyllaba
437 3213 511 3274 quae
529 3205 719 3278 anapaestum
738 3198 861 3277 expleat.
894 3197 986 3268 Quam
1003 3215 1068 3258 cum
1084 3194 1244 3256 invexerint
1259 3195 1389 3275 Byzantii

203 3295 377 3374 (etquidem
399 3297 477 3374 quod
499 3317 534 3358 ex
554 3306 690 3359 accurata
712 3297 852 3360 librorum
874 3299 1029 3360 collatione
1049 3306 1172 3379 apparet
1194 3297 1306 3376 primus
1327 3297 1390 3371 blo·

202 3397 372 3477 schopulus)
395 3397 448 3458 ita:

435 3495 467 3558 ἐκ
484 3501 560 3559 θεοῦ
577 3488 603 3557 d'
622 3491 698 3579 ιἰυὴρ
714 3506 821 3578 σοφαῖς
839 3497 936 3560 ἐσαεὶ
954 3499 1155 3575 πραπίδεσσιν.

202 3601 279 3661 hanc
295 3599 469 3680 scripturam
485 3620 587 3662 omnes
604 3601 731 3664 editores
753 3603 886 3682 accipere
903 3602 1150 3664 satishabuerunt.
1188 3601 1281 3662 Verba
1302 3601 1391 3680 igitur

204 3701 271 3760 ἴσθι
287 3701 344 3760 νῦν
356 3705 417 3762 κτλ.
440 3703 475 3764 ad
491 3702 588 3783 priora
603 3696 767 3776 ιἰσυνδὲιως
782 3703 927 3784 applicata
949 3723 1016 3766 esse
1031 3703 1192 3764 voluerunt.
1227 3702 1390 3764 Scholiasta

204 3803 307 3878 VetuS,
333 3803 580 3884 locupletissimus
601 3805 652 3866 sed
675 3812 801 3866 tractatu
820 3804 1008 3868 difficillimus
1029 3810 1131 3866 auctor
1152 3803 1306 3864 verborum
1322 3803 1391 3864 Piu-

204 3903 385 3979 daricorum,
412 3905 468 3966 alio
486 3925 541 3966 nos
565 3906 673 3966 ducere
691 3907 812 3968 videtur.
847 3907 876 3967 Is
898 3905 974 3966 enim
996 3922 1086 3983 quum
1109 3904 1283 3965 sententiam
1302 3921 1392 3982 gene·

203 4006 295 4067 ralem
317 4002 348 4064 ἐιι
369 4006 446 4065 θεοῦ
467 4011 528 4066 κτλ.
549 4015 723 4087 exponeret,
747 4006 872 4067 addidit:
895 3997 1003 4082 ὁμοίως
1025 3998 1121 4082 ὥσπερ
1143 4001 1193 4062 καὶ
1216 3995 1252 4063 σὺ
1274 4005 1390 4080 νενίκη-

205 4129 275 4182 κας,
298 4109 377 4168 etin
398 4109 531 4186 sequenti
552 4109 724 4188 paraphrasi
745 4105 812 4168 ἴσθι
834 4098 870 4183 δὴ
889 4089 944 4166 οὖν
965 4107 1082 4185 posuit,
1104 4115 1208 4166 neutro
1228 4106 1292 4166 loco
1314 4103 1395 4164 ἕσαεί

205 4208 341 4269 reddens
378 4209 407 4269 ls
427 4208 517 4286 igitur
531 4229 626 4288 neque
645 4210 804 4288 asyndeton
820 4209 933 4269 videtur
952 4207 1106 4282 babuisse,
1130 4227 1225 4286 neque
1242 4204 1321 4265 ἐσαεί
1333 4205 1392 4266 υΙΙο

206 4308 294 4370 verbo
316 4316 422 4370 tuetur.

291 4412 352 4471 lam
372 4410 431 4474 duo
455 4410 572 4472 codices
594 4411 715 4486 vetusti,
738 4411 845 4490 quibus
868 4430 924 4472 nos
945 4411 1031 4489 primi
1053 4410 1098 4471 usi
1118 4428 1235 4482 surmus,
1258 4408 1393 4473 lacunam

208 4510 334 4590 explent.
371 4511 454 4574 Prior
484 4512 562 4592 (Par.
586 4511 640 4592 G),
675 4511 723 4590 qui
744 4512 947 4572 duodecimum
968 4511 1118 4572 saeculum
1140 4509 1255 4586 attingit
1276 4517 1308 4569 ut
1332 4509 1394 4568 lere

598 4617 602 4622 .
1145 4605 1191 4670 a*
